3020 4688
606 308 825 373 ..57-

152 502 368 584 interpretatio
392 520 429 566 ex
451 501 560 566 eodem
587 501 670 566 fonte
694 502 841 567 manavit.
867 500 927 581 Qui
951 503 1031 585 quod
1053 523 1127 569 usus
1143 507 1190 570 est
1207 506 1281 570 Dio-

153 609 278 692 geniani
303 609 499 690 potissimum
524 608 621 673 lexico
638 627 654 672 e
670 609 827 690 Pamphili
849 609 1002 673 thesauris
1025 609 1137 674 hausto
1154 612 1186 675 et
1202 612 1283 694 quod

151 717 182 778 in
206 715 278 779 aliis
303 734 424 797 quoque
441 715 518 779 satis
535 716 644 779 multis
660 716 772 798 glossis
789 734 859 780 cum
876 715 1000 781 Timaeo
1018 717 1203 801 congruit1),
1226 737 1283 800 pro

151 827 233 888 certo
258 822 368 887 heberi
391 823 497 904 potest
512 823 604 886 huius
621 820 774 906 glossulas
790 840 845 904 per
861 841 1006 905 magnam
1026 825 1148 904 partem
1163 824 1284 907 aliqua-

150 931 233 1010 piam
265 929 316 993 vie
340 947 376 992 ex
399 927 680 992 Alexandrinorum
709 928 809 1015 copiis
844 928 979 994 fluxisse.
1025 929 1146 994 Timaei
1178 932 1283 996 autem

149 1035 275 1119 ingenio
312 1035 463 1117 quaedam
498 1053 599 1118 nugae
636 1035 742 1099 deberi
773 1035 931 1114 uidentur,
968 1036 1074 1118 quales
1108 1038 1229 1102 sonte.

149 1145 313 1225 γεννῆται,
346 1141 510 1225 κίβδηλον,
541 1142 625 1221 νυνί,
656 1135 712 1220 νώ,
744 1143 832 1221 νῶϊν,
862 1139 1012 1225 νεοθνής,
1036 1137 1151 1230 ῥᾴδιον
1175 1143 1282 1232 (ῥᾷον,

148 1248 295 1337 ῥᾷστον),
321 1243 364 1324 ὡς
388 1243 501 1321 οἷόντε,
526 1249 597 1312 alia.
637 1249 703 1312 Nec
727 1247 839 1313 desunt
862 1250 994 1332 vestigia
1017 1251 1283 1333 interpretationis

149 1375 166 1420 a
188 1356 374 1449 philosopho
399 1355 502 1437 aliquo
524 1355 671 1437 profecta,
698 1355 750 1421 cir.
776 1373 800 1421 s.
826 1375 855 1419 x.
882 1351 994 1439 φόνοι.

240 1461 411 1544 Scriptores
446 1463 591 1527 Timaeus
623 1482 683 1527 non
714 1461 822 1527 laudat
850 1463 911 1528 nisi
935 1463 1122 1544 Homerum,
1157 1465 1282 1530 Aristo-

148 1569 285 1650 phanem
321 1564 483 1652 (σισύρα),
522 1570 743 1651 Hippocratem
781 1570 1042 1653 (σφριγγῶντες),
1080 1571 1284 1656 Porphyrium

150 1677 187 1758 (s
163 1694 242 1739 εν.
268 1670 328 1759 οὐχ
352 1671 477 1760 ἥκιστα)
494 1673 526 1755 ²).
564 1677 665 1740 Huius
689 1677 813 1758 quidem
838 1695 948 1741 nomen
972 1678 1193 1760 interpolatum
1217 1697 1285 1743 esse

148 1783 335 1863 probaret
305 1783 426 1847 studuit
449 1782 651 1847 Ruhnkenius
669 1783 777 1865 (praes.
795 1803 824 1865 p.
842 1780 977 1868 lX);et
945 1803 1172 1867 equanquam
1200 1790 1284 1851 certe

149 1908 211 1954 non
235 1888 310 1952 lieet
296 1891 447 1965 tommo,
472 1908 550 1972 quae
581 1892 687 1972 inepta
719 1893 802 1963 sunt,
837 1891 869 1953 in
872 1891 1063 1972 terpolatrici
1098 1893 1204 1956 manui
1226 1894 1284 1956 tri·

150 1996 245 2060 buere
270 2014 305 2060 ac
321 1995 448 2061 Timaeo
471 1996 659 2075 abiudicata,
684 1996 773 2061 facile
789 1999 896 2061 tamen
911 1999 1120 2080 unusquisque
1138 1997 1287 2062 concedet

149 2104 263 2166 miram
287 2122 359 2167 sane
383 2105 415 2167 in
440 2104 626 2169 illustranda
649 2122 722 2167 voce
746 2123 764 2166 a
790 2103 917 2168 Platone
950 2105 1121 2169 sexcenties
1145 2105 1285 2170 adhibita

149 2210 317 2293 Porphyrii
339 2211 523 2274 memoriam
547 2229 614 2274 esse
638 2213 670 2275 et
692 2211 782 2274 huius
806 2211 1023 2274 testimonium
1047 2211 1135 2275 valde
1152 2211 1283 2277 dubium

149 2317 260 2382 videri.
308 2315 458 2395 Quamvis
481 2318 585 2380 autem
610 2316 812 2382 Ruhnkenius
835 2319 907 2381 huic
931 2318 1053 2401 glossae
1077 2318 1170 2382 fidem
1197 2317 1286 2384 dero-

149 2424 284 2508 gandam
297 2442 364 2488 esse
377 2426 511 2506 putaret,
525 2424 722 2488 nihilosetius
740 2422 919 2506 Sophistam
937 2424 1044 2489 eodem
1061 2424 1125 2488 fere
1141 2426 1284 2507 tempore

150 2549 186 2595 ac
202 2531 411 2614 Porphyrium
427 2531 539 2594 vixisse
557 2532 700 2612 opinatus
716 2532 773 2609 est,
793 2549 870 2612 quae
887 2531 1040 2594 sententia
1057 2532 1133 2596 satis
1151 2534 1200 2595 est
1214 2551 1285 2614 pro·

151 2637 283 2715 babilis3
318 2657 393 2702 nam
424 2637 545 2702 Timaei
572 2637 669 2701 lexico
696 2638 792 2702 etiam
823 2637 968 2701 Hermias
992 2638 1044 2720 qui
1067 2639 1203 2720 aequalis
1227 2637 1288 2702 fuit

151 2745 256 2809 Procli
280 2742 471 2831 (412-485
495 2765 524 2827 p.
549 2743 620 2809 Chr.
646 2745 689 2826 n.)
714 2744 752 2808 ad
774 2744 952 2808 Phaedrum
983 2743 1066 2807 haud
1096 2745 1187 2809 dubie
1212 2763 1286 2808 usus

151 2854 200 2916 est
224 2847 363 2935 (ἐξάντη,
388 2853 496 2916 Herm.
522 2853 686 2919 comment.
704 2871 734 2933 p.
755 2853 839 2927 111;
864 2846 1038 2934 ἀνακηκίει,
1060 2851 1134 2917 ibid.
1156 2870 1185 2932 p.
1207 2852 1286 2927 1613

151 3032 365 3041 ..—-—-——-

244 3154 263 3221 1)
282 3154 431 3223 Hesychius
457 3152 510 3222 (vel
535 3154 727 3229 Diogenianus)
752 3156 799 3206 aut
824 3151 964 3205 simillima
988 3155 1035 3204 aut
1060 3167 1166 3220 prorsus
1193 3150 1285 3205 eadem

153 3243 240 3298 tradit
258 3261 278 3297 1.
297 3260 322 3297 v.
342 3238 489 3310 ἀναδῆσαι,
510 3238 725 3310 α’νακογχνλόσαι,
744 3238 982 3305 α’ναπεμτιολζεθαι,
1000 3235 1285 3304 α’νασκινδνλεύεσθαι,
1325 3272 1327 3278 ,

155 3330 297 3397 ολοτιαλεύς,
310 3331 358 3386 ubi
377 3329 461 3385 ἔνιοι
474 3332 630 3385 vocabulum
641 3335 717 3386 extat
730 3348 746 3385 a
760 3331 868 3385 Timaeo
879 3332 1017 3395 omissum;
1031 3325 1286 3397 οἷνιοστομ(ατ)ι’ζειν,

155 3419 314 3491 ολγαριστεῖν,
334 3417 451 3491 βέβηλος,
475 3417 576 3488 Βὲνδις,
591 3418 667 3490 βλάξ,
685 3421 808 3489 βλίττειν,
828 3417 1001 3486 διαγράφειν,
1020 3419 1163 3486 σκήπτεται
1181 3421 1208 3472 et
1225 3417 1287 3485 σιτὴ·

156 3531 255 3577 τττοιτο,
275 3510 433 3576 σκολύθρια,
453 3508 584 3577 στρόφιγξ
604 3513 631 3562 et
649 3509 806 3576 στρόφιγγα,
826 3505 973 3576 στρυφνόν,
993 3506 1145 3571 συνέριθος,
1161 3522 1287 3574 σχηματι-

157 3602 268 3668 ζόμενος,
288 3599 437 3667 τέγγεσθαι,
460 3596 639 3664 τεθνμμένον,
658 3599 767 3662 τελεταί,
786 3595 889 3664 Τέμπη,
903 3596 1029 3661 aolidem,
1050 3583 1144 3660 ιότᾶν,
1163 3600 1190 3649 et
1202 3596 1289 3649 multa

136 3691 222 3750 alia:
261 3707 328 3744 cum
356 3688 566 3758 Diogeniani
596 3685 754 3741 fontibus
784 3685 975 3739 arctissimo
1008 3685 1206 3738 coniunctus
1237 3687 1289 3738 est

157 3781 316 3835 Timaeus.
1178 3787 1180 3792 ·

243 3870 265 3938 )
283 3870 383 3923 Poetae
401 3868 513 3922 alicuius
536 3866 695 3919 versiculum
716 3865 785 3918 Tim.
799 3862 884 3920 effert.
865 3867 952 3918 τεν
967 3859 1128 3932 ὀκρίβας-
1141 3865 1288 3929 -λογεῖον

159 3978 182 4014 κ.
200 3979 222 4013 τ.
242 3963 278 4022 λ,
299 3975 351 4028 qua
369 3974 398 4012 ro
416 3957 538 4011 Naberus
557 3960 631 4010 errat
649 3954 761 4024 (proleg.
781 3953 814 4006 ad
827 3953 907 4006 Phot
920 3970 945 4022 p.
960 3951 1024 4060 116)
1038 3969 1084 4022 qur
1101 3951 1182 4005 verba
1201 3947 1285 4016 λέγει

159 4049 234 4114 γοῦν
256 4065 306 4110 τις
324 4047 431 4100 librarii
449 4063 505 4101 esse
525 4049 622 4099 censet
