3042 4680
625 309 864 374 -113-

266 502 338 584 12.
373 502 518 584 Exceptis
553 502 736 584 quibusdem
770 501 883 586 glossis
919 499 1083 568 Bodleieui
1119 500 1185 568 cod.
1211 499 1254 569 M.
1279 499 1310 567 S.

177 607 295 674 scholia
328 607 474 690 pleraque
509 608 624 691 scripta
659 626 725 674 esse
762 606 944 673 crediderim
976 624 1049 672 nou
1080 607 1169 672 adeo
1194 606 1311 671 multo

177 716 261 797 post
285 716 489 780 extinctam
514 715 874 796 Neoplatonieorum
906 713 1072 780 scholam
1104 713 1312 781 Athenien-

177 839 262 889 sem.
315 819 383 901 Qua
418 820 522 886 clausa
557 838 637 885 anno
670 822 735 886 529
768 811 874 886 ultimi
908 820 1084 903 philosophi
1113 839 1149 885 ao
1177 821 1314 906 rectores

177 926 322 1005 Isidorus,
348 927 540 1007 Damascius,
566 927 755 1011 Simplicius.
780 927 1018 1011 Olympiodorus
1041 927 1081 994 ad
1104 928 1215 994 Perses
1239 945 1312 992 cou-

178 1033 344 1117 fugernnt3
383 1035 515 1117 quatuor
547 1036 651 1100 autom
681 1036 771 1100 anuis
802 1035 872 1116 3031
903 1053 973 1098 cum
996 1034 1028 1098 in
1053 1034 1185 1117 petriam
1209 1052 1312 1099 rever·

177 1141 306 1219 iissent,
342 1157 449 1205 eorum
483 1141 624 1206 doctrina
647 1141 851 1223 aliquamdiu,
883 1141 1014 1208 fortasse
1037 1159 1134 1223 usque
1157 1140 1311 1206 adfinem

177 1246 294 1312 saeculi
317 1247 406 1325 sexti,
431 1246 637 1312 Alexandriae
661 1248 763 1331 viguit
786 1249 818 1312 et
835 1248 934 1331 magis
951 1248 1110 1332 magisque
1127 1248 1313 1312 christianae

178 1352 392 1436 philosophiae
416 1353 519 1420 cessit.
544 1354 747 1420 Celebrantur
770 1373 842 1419 vero
868 1355 996 1420 Procles
1020 1354 1311 1438 (3310131113333.

179 1460 289 1526 3981
312 1480 341 1542 3.
359 1462 424 1526 338
440 1461 471 1524 H
490 1490 527 1514 =
545 1462 608 1527 401
628 1461 667 1546 Β)
692 1463 724 1528 31
746 1461 943 1526 lamblichus
966 1457 1019 1547 (ad
1043 1461 1179 1543 Sophist.
1203 1459 1313 1526 2161

177 1587 208 1650 p.
226 1569 291 1632 249
308 1567 338 1631 Η
357 1596 395 1620 =
413 1569 477 1632 370
494 1568 551 1651 Β),
568 1569 697 1651 uterque
711 1561 728 1631 ὁ
740 1563 839 1650 μέγας
851 1569 1098 1649 cognominatus,
1116 1567 1314 1650 quantumvis

178 1673 357 1742 Diadocbus
392 1692 489 1756 aeque
520 1692 556 1738 ac
588 1675 777 1757 Porphyrius
806 1675 837 1738 iu
863 1674 1048 1740 christianos
1082 1665 1187 1740 odium
1222 1693 1314 1739 suum

91 1766 95 1822 Ῑ
180 1779 326 1846 effuderit
350 1799 517 1864 eorumque
541 1780 689 1846 invidiam
714 1781 774 1845 sibi
798 1781 978 1846 conflaverit
1002 1777 1173 1868 (0138311.
1194 1780 1311 1863 suu).

266 1886 370 1971 Atque
405 1888 591 1970 archetypus
627 1888 752 1971 quidem
788 1906 896 1952 eorum
925 1887 1066 1952 codicum
1092 1885 1136 1955 M.
1162 1885 1204 1969 8.,
1223 1881 1312 1969 'quos

179 2014 261 2060 nuuc
296 1994 513 2078 cognovimns,
553 1993 671 2059 scholia
708 1993 773 2058 fere
808 1993 916 2059 eadem
954 1995 987 2059 31
1021 1992 1167 2060 similiter
1191 1993 1313 2076 digesta

179 2101 368 2167 continuisse
402 2101 535 2166 videtur.
582 2100 657 2165 lllos
691 2102 797 2166 autem
830 2120 937 2166 omues
970 2100 1149 2167 referendos
1183 2119 1249 2166 esse
1273 2101 1313 2166 31

179 2207 347 2292 Thrasylli,
372 2208 491 2272 Tiberii
513 2206 661 2288 aequalis,
686 2208 898 2271 recensionem
923 2209 955 2272 31
970 2208 1095 2274 fluxisse
1116 2207 1229 2273 elibro
1252 2227 1314 2273 nou

179 2319 253 2380 aute
277 2313 349 2381 (ihr.
375 2334 415 2393 n.,
440 2314 572 2380 fortasse
606 2332 666 2378 non
702 2316 773 2378 aute
808 2332 922 2382 aunum
953 2315 1028 2382 400.
1064 2317 1189 2383 3331333
1224 2334 1313 2381 33333

180 2419 305 2488 exarato
327 2421 371 2488 M.
396 2421 564 2487 Sobauzins
586 2421 732 2503 probavit
756 2420 856 2501 (Stud.
881 2441 906 2486 3.
932 2420 1044 2488 Goscb.
1069 2421 1098 2488 d.
1119 2422 1200 2489 Plat.
1226 2422 1313 2487 Text.

180 2529 345 2612 Wiurbrg.
373 2530 459 2594 1874
483 2547 554 2611 pag.
581 2530 619 2592 11
646 2547 731 2611 seq.;
756 2530 814 2605 23;
839 2525 905 2612 45).
951 2529 1000 2594 Ne
1035 2528 1153 2594 scholia
1188 2529 1313 2611 quidem

179 2636 313 2718 uestigia
346 2635 493 2700 exhibent
523 2635 618 2700 ullius
648 2634 832 2718 antiquioris
855 2635 1043 2701 recensionis
1067 2635 1314 2720 (3313111310-

179 2743 291 2825 phanis
311 2741 415 2827 Bpn.);
438 2761 511 2807 nam
534 2761 686 2824 nusquam
710 2742 877 2808 scholiasta
900 2761 955 2807 uos
978 2742 1099 2825 relegat
1120 2742 1160 2807 ad
1183 2742 1313 2808 aliorum

180 2849 375 2934 dialogorum
412 2850 544 2928 scholia,
580 2851 693 2932 quippe
722 2867 801 2931 quae
823 2867 885 2914 non
908 2868 944 2914 ex
974 2867 1057 2914 nno
1091 2850 1314 2915 commentario

180 2957 318 3022 eiusdem
351 2955 529 3038 philosophi
553 2956 608 3020 aut
630 2955 830 3039 grammatici
857 2956 969 3020 bansta
992 2956 1055 3020 siut
1079 2955 1186 3038 (aliter
1210 2973 1259 3020 res
1281 2974 1314 3021 se

179 3063 276 3131 habet
298 3063 330 3127 in
353 3060 514 3145 Aristoph.
540 3063 675 3141 scholiis,
698 3062 752 3126 ubi
776 3061 927 3128 tonnulae
949 3060 1138 3127 adhibentur
1161 3055 1315 3146 31331ρὴ-

181 3192 292 3254 καμεν,
316 3165 361 3247 cic
384 3168 521 3256 ἐροῦμεν
541 3167 576 3234 ἐν
591 3164 800 3254 ὑπομνήματι
819 3171 883 3245 εἰς.
899 3219 906 3235 .
922 3167 982 3255 .¹)).
1006 3205 1050 3216 -
1073 3168 1175 3233 Multa
1198 3169 1316 3234 scholia

271 3400 291 3471 ι)
310 3401 390 3456 Tales
409 3399 539 3454 formulae
558 3399 586 3453 in
599 3398 690 3454 Procli
702 3399 781 3453 libris
794 3399 976 3463 inveniuntur,
994 3397 1040 3453 sed
1053 3399 1106 3452 non
1118 3400 1241 3468 receptae
1253 3401 1316 3454 sunt

181 3492 210 3546 in
222 3489 340 3559 scholia3
360 3488 529 3558 dialogorum
543 3487 671 3556 ordinem,
685 3503 763 3558 quem
775 3488 929 3542 Diadochus
941 3485 967 3541 in
976 3487 1202 3556 interpretatione
1211 3490 1330 3544 secutus·

180 3583 259 3644 esset,
277 3595 310 3635 ex
328 3579 385 3634 illis
403 3593 494 3632 eruere
506 3576 610 3632 studuit
622 3575 655 3631 h.
669 3575 782 3646 Berger:
803 3577 922 3641 Proclus,
936 3576 1086 3645 exposition
1099 3575 1132 3630 dc
1144 3592 1174 3630 33
1186 3577 1315 3632 doctrine.

10 3673 12 3752 ᾗ
102 3685 105 3691 ¹
180 3669 267 3722 Paris.
288 3667 365 3734 1840,
384 3670 439 3721 301.
461 3667 489 3731 1;
512 3683 659 3736 perpaucas
682 3665 786 3736 repperi
805 3665 839 3718 ad
859 3664 970 3718 eundem
989 3664 1126 3734 dialogum
1150 3669 1314 3735 spectantes:

180 3757 263 3812 schol.
283 3757 317 3811 31
335 3757 427 3826 Remp.
447 3754 501 3808 333
519 3755 541 3809 11
560 3756 596 3826 (3.
616 3753 705 3809 832Η
724 3775 756 3798 =
775 3753 828 3806 396
837 3752 871 3821 Β)
890 3754 995 3823 relegat
1007 3753 1042 3808 ad
1053 3754 1136 3808 schol.
1150 3754 1217 3808 ibid.
1231 3753 1315 3809 3380

181 3847 220 3918 (p.
239 3845 292 3900 333
310 3847 337 3900 H
356 3868 388 3892 =
407 3845 459 3899 397
478 3846 513 3914 Β)
531 3845 564 3900 13
581 3844 774 3916 pugillatioue;
802 3843 884 3900 schol.
908 3843 973 3912 Leg.
992 3841 1045 3895 915
1063 3842 1086 3896 B
1111 3842 1148 3913 (p,
1167 3843 1220 3897 386
1237 3843 1264 3897 Η
1282 3864 1315 3887 =

180 3935 232 3990 451
251 3936 285 4002 Β)
304 3935 396 4002 τρίτον
418 3934 513 3990 referri
538 3934 618 3989 debet
636 3933 671 3988 ad
689 3932 802 4004 hypoth.
822 3936 931 3986 extrem.
954 3959 984 3970 -
1004 3931 1063 3988 Non
1086 3932 1215 4002 intellego
1235 3932 1316 3986 schol.

182 4023 271 4081 Clark.
293 4024 349 4080 cod.
369 4023 405 4081 ld.
425 4024 452 4078 S.
472 4023 507 4077 ad
527 4023 637 4080 Theaet.
660 4020 710 4074 172
730 4021 753 4076 Α
772 4022 807 4092 (3.
828 4021 880 4074 243
898 4022 925 4076 H
932 4045 939 4088 ;
959 4022 1066 4086 omittit
1084 4020 1126 4090 B).

1158 4128 1175 4184 8
