3042 4680
635 215 852 279 „85-

177 411 346 476 cluserunt.
384 409 446 474 Hic
469 410 561 487 enim,
586 409 720 492 quanti
743 408 857 474 Boethi
879 407 977 473 libros
1000 407 1221 488 aestimaverit,
1246 407 1313 489 ipse

177 537 233 583 nos
256 517 358 585 docet.
398 515 541 596 Accedit,
565 515 647 598 quod
671 514 721 580 rel
743 517 888 600 exiguam
912 513 1034 580 Timaei
1064 507 1259 598 συναγωγὴν
1281 511 1314 578 in

177 624 297 690 lexicon
332 642 424 688 suum
458 623 648 687 rhetoricum
681 624 816 704 recepit,
852 641 889 687 ac
912 621 1061 687 similiter
1084 621 1257 687 Pausaniae
1281 617 1314 685 et

176 730 320 815 Dionysii
341 729 441 795 lexica
462 729 625 811 usurpavit
647 729 686 812 ip
697 747 751 808 se,
776 747 854 812 qnae
870 728 990 794 dixerat
1004 729 1038 792 in
1053 747 1150 794 unum
1166 727 1314 812 congesta

175 838 345 904 utilissima
378 837 443 902 fore
479 837 539 914 eis,
575 837 628 918 qni
662 837 866 919 scriptoribus
896 837 1013 902 Atticis
1044 854 1170 919 operam
1199 853 1313 900 navare

176 927 305 1010 vellent.
331 981 370 990 —
396 943 558 1025 Nusquam
590 945 696 1008 antem
728 944 843 1008 Boethi
875 943 995 1008 mentio
1026 942 1078 1019 fit,
1110 942 1172 1007 nisi
1194 943 1228 1006 in
1250 957 1313 1004 una

175 1053 300 1118 tantum
315 1050 421 1134 glossa
438 1051 588 1134 Hesychii
609 1046 664 1115 dod
685 1045 818 1116 πάντων
839 1045 951 1134 κριτής
973 1050 1006 1114 et
1027 1048 1061 1113 in
1084 1047 1147 1114 alia
1169 1037 1190 1133 ἦ
1213 1047 1240 1112 d'
1266 1043 1311 1128 ὅς,

176 1177 257 1241 quae
281 1147 398 1242 legion
413 1157 447 1221 in
462 1156 609 1240 opusculo
625 1154 778 1241 Δνλάμον
792 1155 864 1238 περὶ
880 1159 946 1221 πῶν
968 1151 1204 1239 ἀπορουμένων
1225 1148 1314 1237 πορά

177 1261 334 1330 Πλάτωυν
356 1259 472 1342 λέξεων
494 1264 644 1346 inscripto
668 1264 807 1349 (Millerr
830 1263 1029 1348 Melanges..
1052 1282 1083 1345 p.
1100 1263 1165 1328 399
1186 1259 1264 1348 seq.)
1281 1262 1314 1327 et

176 1391 256 1455 qnae
268 1372 396 1435 illorum
410 1371 548 1436 virorum
560 1371 698 1453 opinioni
712 1370 813 1449 favet;
828 1390 900 1435 nam
917 1371 1052 1436 similem
1068 1369 1199 1435 Photins
1215 1369 1313 1434 tradit

176 1498 200 1546 s.
212 1477 321 1543 eadem
331 1496 362 1541 v.
378 1478 558 1560 Antequam
570 1496 643 1542 vero
655 1478 693 1542 de
699 1479 812 1544 Boethi
826 1477 909 1562 apud
920 1477 1122 1543 scholiastam
1131 1476 1243 1562 glossis
1252 1475 1314 1540 dis·

176 1603 329 1662 seramus,
340 1584 379 1648 de
389 1584 446 1649 hac
458 1581 587 1667 Didymi
597 1587 770 1674 ωνναγωγῇ
781 1584 933 1667 quaedam
947 1583 1216 1649 commemoranda
1228 1583 1310 1649 sunt.

263 1689 391 1774 Didymi
415 1689 559 1756 libellum
571 1689 713 1755 Millems
736 1692 776 1755 ad
792 1690 1032 1757 chalcenterum
1047 1689 1144 1756 refert
1159 1689 1309 1773 (Melang.

175 1816 245 1882 pag.
271 1794 368 1883 385);
404 1796 566 1861 Nanckins
600 1799 706 1862 numm
742 1797 919 1884 (Melanges
954 1796 1157 1864 (heco-Rom.
1181 1795 1241 1864 vol.
1265 1795 1312 1860 Ill

175 1923 245 1989 pag.
273 1905 337 1969 156
362 1904 441 1988 seq.)
479 1903 675 1984 opusculum,
708 1906 860 1988 tanquam
894 1905 986 1971 docto
1020 1903 1075 1970 illo
1104 1901 1311 1990 grammatico

175 2011 350 2096 indignum,
375 2011 415 2075 ad
438 2011 606 2089 Boethum,
631 2014 685 2094 qni
707 2005 974 2096 ωπουάασμάτιον
1001 2013 1127 2096 scripsit
1152 2008 1313 2094 περὶτῶν

174 2115 263 2205 arpo}
299 2113 453 2183 Πλάτωνι
486 2114 722 2203 ἀπορουμένων
755 2116 872 2198 λέξεων
902 2118 953 2204 (ut
982 2120 1029 2186 ait
1059 2118 1191 2185 Photins
1222 2116 1245 2184 l.
1269 2115 1311 2199 0,)

175 2225 357 2303 transtulit3
381 2226 542 2290 Nicolains
565 2227 697 2310 denique
721 2224 787 2303 (Gr.
812 2225 1006 2294 hit-Genea
1024 2225 1110 2292 Edit.
1127 2224 1182 2292 alt.
1201 2225 1262 2291 vol.
1279 2222 1309 2288 ll

175 2352 206 2416 p.
230 2331 310 2416 640)
330 2331 465 2416 Didymo
488 2333 584 2398 Areio
609 2335 765 2399 attribuit.
794 2335 842 2398 Ac
864 2335 1000 2416 primum
1022 2331 1147 2418 quidem
1170 2330 1311 2398 Nanckio

176 2441 283 2505 contra
313 2439 474 2504 Millernm
509 2439 741 2504 concedendum
764 2441 814 2504 est
843 2439 999 2505 Boethum
1021 2439 1055 2504 in
1076 2440 1178 2521 prima
1206 2437 1310 2523 glossa

176 2549 308 2612 citatum
334 2565 396 2611 non
427 2546 585 2611 diversum
616 2565 684 2611 esse
707 2547 747 2611 ab
770 2565 823 2623 eo,
854 2566 947 2629 quem
968 2545 1101 2612 Photins
1124 2544 1201 2610 dicit
1223 2561 1313 2610 voces

175 2653 355 2719 Platonicae
379 2653 555 2738 collegisse.
599 2653 669 2718 Nec
691 2653 796 2718 minus
823 2654 925 2718 eidem
946 2653 985 2720 V.
1008 2653 1046 2722 D.
1070 2652 1223 2720 assentior
1246 2651 1310 2718 sta-

175 2763 279 2826 tuenti
302 2758 544 2826 Dhalcenternm
567 2759 708 2841 opusculi
731 2763 891 2826 auctorem
914 2779 975 2825 non
997 2759 1110 2838 lunser
1134 2775 1309 2844 quanquam

177 2869 371 2950 compertum
410 2867 562 2931 habemus
603 2868 685 2932 hunc
724 2867 898 2950 complures
939 2866 1039 2934 libros
1076 2861 1310 2952 ἀπορουμένων

175 2971 290 3052 λέξεων
314 2974 476 3055 scripsisse
492 2972 526 3059 ¹),
550 2976 639 3039 etin
661 2973 722 3038 fine
745 2974 846 3040 libelli
868 2973 968 3058 ipsius
990 2973 1143 3060 legimus:
1178 2969 1251 3058 arpi
1274 2967 1309 3040 ot

174 3085 238 3146 τῶν
262 3077 390 3145 ἀλλων
413 3080 449 3165 (i.
473 3099 501 3146 e.
525 3098 587 3145 non
610 3079 713 3146 solum
746 3081 902 3162 Platonis,
934 3081 990 3148 sed
1017 3081 1113 3148 etiam
1137 3081 1309 3148 ceterorum

175 3186 387 3270 scriptorum),
411 3175 459 3250 ὧν
479 3182 541 3271 χρὴ
563 3187 808 3270 παραδίδοσθαι
826 3189 884 3272 πῆς
899 3182 1119 3272 ἀναγνώσεως,
1143 3181 1215 3274 ἑξῆς
1229 3179 1307 3255 ἀπο·

175 3288 456 3377 μνημονισάμευος
478 3287 637 3359 &adriaco
658 3316 688 3358 κ.
711 3315 740 3358 ν.
763 3298 792 3358 λ
808 3291 844 3378 ²).
867 3295 1019 3361 Attamen
1041 3295 1121 3362 hanc
1136 3293 1309 3382 glossarum

265 3595 286 3668 ¹)
304 3597 373 3670 Vide
394 3598 555 3668 Harpocrat.
580 3615 601 3651 s
623 3616 649 3652 v.
675 3597 861 3667 ἀερμησπής
883 3601 913 3654 et
929 3599 964 3654 M.
985 3595 1308 3660 &lamentacione

140 3819 142 3824 .
175 3684 254 3756 m
263 3685 409 3845 ’ξίέάιοη
426 3775 490 3830 Did
518 3775 659 3835 cudant.
687 3777 779 3832 afferri
806 3779 898 3848 potest
925 3775 1073 3848 explicattt
1102 3775 1232 3834 domnolae
1255 3771 1308 3834 λπλ

177 3858 313 3934 κόρρης,
343 3864 377 3920 de
399 3881 453 3934 qna
470 3865 564 3936 agitur
581 3882 645 3936 pag.
663 3865 717 3920 400
735 3863 880 3936 (litlang.)
899 3867 928 3922 et
946 3881 1027 3936 qoam
1045 3865 1224 3938 Harpocratlo
1243 3879 1263 3924 a
1285 3881 1308 3922 ν.

177 3967 257 4022 aeque
276 3957 392 4008 aarmt
430 3953 482 4020 Qui
500 3955 524 4008 si
542 3972 564 4014 e.
581 3972 607 4008 v.
625 3947 701 4010 ἄλλοι
721 3951 774 4020 μέν
791 3957 820 4012 et
836 3949 942 4026 ditem
960 3953 991 4012 ol
1010 3951 1179 4014 Ohalmroterl
1204 3951 1308 4028 lpolor
1442 3933 1446 3952 ⁶
