3020 4688
247 1091 319 1176 33
349 1090 610 1180 sunnonis
643 1088 985 1180 sonomonuu
1015 1061 1294 1180 nonninus.

295 1509 419 1576 Scholia
442 1512 614 1594 Platonica,
640 1532 718 1596 quae
742 1531 803 1577 non
826 1512 992 1578 admodum
1016 1515 1139 1596 copiosa
1162 1514 1245 1595 sunt,
1268 1533 1339 1578 cum

205 1621 330 1700 practer
352 1617 483 1702 glossas,
507 1639 636 1702 quarum
654 1620 787 1703 pretium
811 1621 866 1684 aut
888 1621 1009 1685 nullum
1033 1621 1088 1686 aut
1111 1623 1256 1704 exiguum
1281 1622 1339 1700 ost,

206 1744 269 1789 uon
290 1743 405 1807 paucas
421 1725 636 1791 adnotationes
653 1726 832 1797 contineant
855 1726 894 1792 ad
910 1727 1051 1792 Platonis
1070 1726 1211 1810 dialogos
1225 1728 1341 1792 rectius
1466 1807 1470 1816 .
1489 1779 1502 1798 „

206 1831 429 1915 intelligendos
444 1832 637 1912 utilissimas,
654 1834 687 1897 et
701 1851 772 1897 oum
788 1832 960 1897 multarum
976 1853 1097 1912 vocum,
1115 1835 1226 1917 quibus
1241 1833 1342 1917 philo·

207 1940 321 2022 sophus
337 1958 412 2004 usus
429 1944 487 2020 est,
510 1941 785 2023 interpretationes
808 1940 975 2005 exhibeant
998 1941 1110 2006 eximia
1129 1941 1270 2006 doctrina
1291 1959 1341 2004 rc·
1475 1993 1476 1996 .
1499 1949 1503 2018 j

206 2046 305 2110 fortas
327 2064 427 2129 neque
451 2065 581 2130 usquam
606 2047 682 2110 alibi
702 2046 851 2112 traditas:
876 2046 1045 2130 plurimum
1068 2050 1175 2113 nostra
1190 2049 1341 2112 interesse

205 2152 301 2218 debet
324 2153 414 2232 scire,
437 2153 549 2236 quibus
574 2171 589 2216 e
613 2152 751 2217 fontibus
776 2152 914 2237 singulas
930 2154 1049 2237 glossas
1065 2155 1247 2219 scholiastae
1264 2155 1341 2220 hau-

206 2260 314 2328 serint.
332 2297 376 2306 -
393 2261 497 2342 Atque
513 2261 546 2323 in
561 2260 632 2324 illos
650 2260 776 2343 quidem
792 2263 819 2326 si
834 2261 1031 2344 inquirimus,
1052 2262 1208 2344 permulta
1224 2261 1342 2326 scholia

206 2367 388 2431 auctoribus
411 2368 475 2431 suis
499 2368 564 2432 sine
589 2385 702 2450 magno
725 2369 853 2452 negotio
877 2370 909 2433 et
932 2368 1008 2433 satis
1026 2370 1110 2434 certo
1127 2369 1251 2432 restitui
1269 2387 1342 2452 pos·

207 2475 290 2538 sunt.
330 2475 376 2538 Dc
401 2474 469 2539 31113
493 2478 599 2538 autem
624 2475 763 2556 quaestio
787 2474 1027 2558 impeditissima
1051 2476 1113 2555 est,
1136 2477 1271 2558 primum
1296 2493 1341 2555 eo,

207 2581 290 2666 quod
313 2580 430 2644 scholia
453 2581 595 2645 Platonis
618 2600 689 2657 non,
713 2583 749 2647 ut
773 2581 904 2646 aliorum
929 2581 1139 2665 scriptorum,
1153 2583 1207 2646 aut
1230 2582 1342 2662 omnia,

206 2689 263 2751 aut
283 2687 430 2771 pleraque
450 2687 491 2751 ad
506 2689 648 2752 ueterum
664 2688 869 2771 interpretum
888 2690 1125 2754 commentarios
1147 2688 1255 2752 referri
1271 2705 1344 2771 pos·

208 2797 292 2874 sunt,
317 2795 443 2859 sedeat
468 2813 613 2878 magnam
634 2796 755 2877 partem
771 2794 905 2878 undique
929 2813 1052 2860 corrasa
1076 2796 1108 2859 et
1131 2796 1343 2879 conglutinata

208 2902 290 2978 sunt,
315 2920 386 2966 curu
404 2919 419 2964 3
437 2903 677 2980 commentariis,
701 2903 767 2966 tum
785 2920 801 2964 e
819 2901 949 2965 diuersis
964 2901 1072 2966 1331313
1089 2901 1219 2985 aliisque
1235 2901 1343 2978 libris;

198 3008 318 3076 deinde
343 3027 389 3086 eo,
414 3009 496 3091 quod
512 3027 590 3091 quae
614 3009 730 3072 scholia
746 3009 777 3070 in
794 3009 926 3092 singulis
944 3008 1100 3073 codicibus
1115 3009 1158 3075 M.
1177 3009 1207 3074 S.
1226 3011 1342 3088 extent,

211 3134 289 3196 quac
313 3115 542 3192 desiderentur,
574 3116 755 3198 plerumque
778 3115 947 3192 nescimus,
982 3116 1027 3180 eis
1050 3117 1172 3180 tantum
1197 3116 1342 3197 exceptis,

209 3239 288 3304 quae
304 3221 346 3288 M.
361 3221 528 3286 Sohanzius
545 3241 561 3286 e
577 3221 666 3286 libris
679 3222 797 3285 Veneto
815 3223 847 3285 et
860 3221 1022 3288 Olarkiano
1039 3223 1155 3306 publici
1167 3223 1243 3287 iuris
1259 3222 1342 3289 13311.

388 3346 580 3412 Scholiorum
604 3345 756 3410 editiones
779 3347 850 3409 sunt
874 3347 977 3410 haece.

302 3475 330 3537 1.
366 3469 654 3536 Siebenkeesius
678 3471 808 3552 (Anecd.
834 3470 887 3536 Gr.
913 3471 1053 3537 Norimb.
1083 3463 1343 3549 17983vol.11;'

211 3578 280 3642 vide
295 3579 428 3661 praefat.
441 3598 471 3661 p.
481 3578 563 3660 Vll.)
582 3578 744 3660 descripsit
760 3578 901 3643 Platonis
917 3579 1035 3643 scholia
1051 3596 1067 3643 e
1084 3577 1241 3643 codicibus
1254 3578 1297 3642 M.
1312 3577 1342 3644 S.

210 3685 356 3763 Venetis,
386 3685 418 3748 in
450 3685 591 3768 catalogo
624 3704 715 3766 quern
739 3685 901 3750 Zenettius
932 3681 1029 3748 edidit
1052 3684 1107 3750 Nr.
1134 3685 1342 3750 18631189
1435 3670 1437 3672 ’

212 3794 337 3869 3313113,
366 3794 398 3857 31
421 3811 437 3856 3
462 3792 566 3858 codiee
589 3792 633 3857 M.
651 3791 681 3858 S.
706 3792 783 3856 bibl.
807 3791 921 3874 Angel.
947 3791 1015 3876 (cir.
1032 3791 1163 3873 praefat.
1181 3811 1210 3874 p.
1227 3791 1297 3876 Vl.)

301 3921 329 3984 2.
368 3916 478 3983 Omnia
495 3916 570 3994 fere,
595 3935 672 3999 quae
696 3916 740 3981 ibi
759 3917 916 3998 leguntur,
940 3915 1155 3981 Ruhnkenii
1178 3915 1343 3981 scholio·

211 4043 290 4088 rum
314 4021 489 4096 collectio
514 4023 662 4102 continet,
685 4024 784 4088 multo
803 4022 932 4104 plenior,
958 4041 1051 4106 quam
1074 4021 1343 4101 Siebenleesiana,
