3020 4688
682 322 877 384 ..5..

301 516 331 583 7.
367 513 646 580 Commemoranda
673 515 746 580 sunt
777 515 872 579 etiam
905 513 979 580 libri
1008 514 1052 581 hd.
1076 514 1107 580 S.
1132 514 1345 580 Darmstadini

211 620 339 699 scholia,
363 641 382 686 a
405 621 590 686 Oreunarc
615 619 744 708 (Plotin.
771 621 809 686 de
832 621 1021 704 pulchritud.
1045 622 1115 687 add.
1135 641 1165 704 p.
1183 624 1258 688 530.
1279 640 1345 703 seq.

214 727 313 816 1811)
338 728 432 806 edita,
457 748 536 813 quae
561 729 699 794 eiusdem
723 729 848 812 quidem
868 729 998 812 originis
1013 730 1107 812 atquo
1122 729 1346 794 Ruhnkeniana

211 839 244 901 et
264 836 470 916 Bekheriana,
495 837 550 902 sod
573 836 677 919 paullo
701 835 794 901 aliter
818 835 969 919 disposita
991 837 1073 902 stunt.

300 979 330 1046 8.
367 977 555 1045 (16661.
577 977 828 1046 Schneiderus
851 977 969 1044 scholia
991 977 1030 1041 ad
1054 977 1136 1043 Plat.
1157 977 1237 1042 Rem
1259 976 1345 1061 publ.

211 1085 295 1150 aurit
318 1104 335 1150 e
356 1084 514 1150 codicibus
530 1085 573 1150 M.
591 1085 622 1151 S.
638 1085 899 1151 Lobcoviensibus
917 1085 1136 1169 (Vratislaviae
1155 1083 1266 1170 1841),
1290 1085 1346 1150 sed

210 1194 316 1270 otiam,
342 1210 420 1275 quae
443 1192 489 1257 ibi
512 1193 707 1271 exhibentur,
731 1193 876 1275 pleraque
899 1193 963 1256 iam
979 1191 1103 1256 aliunde
1127 1192 1345 1274 cognovimus;

211 1317 289 1382 quae
312 1316 386 1363 vero
409 1318 489 1364 nova
512 1302 688 1382 occurrunt,
713 1299 805 1364 exilia
829 1300 921 1377 sunt3
944 1300 1084 1364 attamen
1100 1299 1175 1363 haec
1193 1297 1289 1362 editio
1306 1299 1346 1362 ob

210 1406 244 1470 id
259 1405 427 1470 utilissima
444 1409 501 1486 est,
526 1406 607 1490 quod
630 1406 756 1471 scholiis
779 1405 872 1472 multi
895 1407 1081 1489 scriptorum
1103 1402 1163 1471 1661
1179 1404 1344 1478 adduntur,

211 1513 265 1595 qui
291 1513 391 1577 instar
419 1513 606 1578 scholiorum
636 1515 718 1578 sunt.
749 1549 788 1559 -
819 1511 886 1593 Quo
914 1513 994 1578 hhro
1022 1511 1121 1576 fultus
1148 1530 1229 1576 anno
1260 1512 1344 1576 1845

211 1619 421 1684 8611161166
445 1621 477 1685 16
494 1620 598 1685 fontes
615 1619 803 1686 scholiorum
819 1620 858 1684 ad
875 1619 1042 1685 Civitatem
1059 1619 1231 1702 inquisivit.
1256 1618 1346 1682 Hauc

210 1728 316 1791 autem
331 1726 585 1793 dissertationem
600 1728 752 1810 inspicere
771 1728 850 1792 mihi
871 1727 1012 1810 quamvis
1036 1727 1121 1790 omni
1144 1743 1238 1808 opera
1260 1726 1346 1790 eniso

210 1851 273 1898 non
290 1834 441 1917 contigit3
465 1834 641 1918 paullulum
657 1837 762 1899 tamen
779 1852 962 1918 cognoscere
978 1834 1066 1916 potui
1082 1851 1099 1898 o
1115 1833 1346 1898 recursionibus

210 1940 375 2006 annalibus
399 1941 507 2023 philol.
524 1941 651 2006 insertis
670 1941 832 2023 (Zeitschr.
849 1941 871 2009 f.
888 1942 1055 2008 Alterthw.
1076 1941 1170 2005 1845.
1188 1940 1244 2007 Nr.
1265 1940 1347 2017 1073

210 2067 241 2130 p.
267 2049 349 2124 856;
373 2048 486 2114 Jahn's
509 2048 679 2115 Jahrbdch.
706 2050 800 2114 1847.
826 2048 888 2113 vol.
913 2050 955 2113 50
979 2067 1009 2130 p.
1037 2048 1132 2130 110);
1160 2046 1250 2130 plura
1272 2063 1346 2112 vero

210 2173 333 2219 mecum
347 2155 590 2220 communicavit
603 2153 832 2240 Biedermanni‚
845 2154 1022 2220 academiae
1036 2153 1242 2238 Gryphiswld.
1256 2157 1344 2232 civis,

211 2279 286 2346 erga
308 2281 359 2329 me
383 2262 522 2327 amicitia
545 2264 578 2327 et
600 2261 782 2328 liberalitas.
830 2313 833 2323 ,

300 2867 549 2950 Disputationem
565 2867 705 2932 nostram
721 2867 766 2932 sic
781 2866 990 2946 instituamus,
1013 2867 1050 2931 61
1065 2867 1175 2950 primis
1191 2867 1345 2951 capitibus

211 2993 248 3041 ea
271 2975 388 3041 scholia
410 2977 592 3055 tractemus,
617 2993 695 3058 quae
719 2973 800 3038 unde
817 2975 940 3056 sumpta
956 2975 1029 3053 sint,
1053 2974 1202 3039 facillime
1224 2976 1345 3057 perspi·
1427 2988 1432 3002 ¹

212 3083 292 3160 cias3
325 3081 435 3147 deiude
463 3082 496 3145 in
524 3081 625 3147 fontes
653 3081 841 3165 glossarum,
873 3099 951 3164 quae
977 3084 1112 3161 restant,
1142 3083 1345 3165 inquiramus.

210 3189 350 3274 Agamus
373 3191 488 3274 igitur:

299 3347 337 3414 A.
364 3366 429 3431 cap.
454 3347 479 3416 Ι.
504 3347 542 3413 16
558 3347 789 3414 commentariis
809 3367 827 3412 a
856 3346 1024 3413 scholiasta
1044 3347 1084 3412 ad
1108 3349 1256 3431 quosdam
1277 3348 1345 3412 dia-

209 3454 299 3539 logos
322 3454 482 3522 adhibitis.

299 3615 336 3684 B.
362 3615 400 3680 de
423 3615 613 3694 auctoribus,
638 3613 751 3698 quibus
774 3613 963 3679 debeantur:

391 3741 458 3805 cap.
483 3722 525 3789 ΙΙ.
548 3721 671 3806 glossae
695 3720 932 3805 geographicae,

415 3852 431 3888 ›
471 3828 528 3895 ΙΠ.
549 3827 673 3893 fabulae
697 3826 842 3903 Graecae,

416 3961 431 3995 »
471 3935 524 4002 IV.
547 3936 630 3999 vitae
652 3931 919 4016 philosophorum,
943 3933 1105 4016 poetamm
1130 3935 1190 4002 etc.

391 4039 474 4122 Quas
496 4042 617 4127 glossas
640 4042 806 4124 postquam
829 4038 1060 4121 secluserimus,
1082 4041 1330 4108 recensebimus:
