3020 4688
698 321 914 383 ..ni-

240 512 385 590 Gousin.;
414 512 511 578 sohol.
538 515 601 579 136
624 513 653 576 D
679 508 716 577 τδ
740 510 937 597 δεινότερον,
964 513 1065 579 Prool.
1090 513 1149 577 vol.
1174 513 1212 580 V.
1236 534 1265 596 p.
1291 515 1373 588 22ος

241 620 338 685 sohol.
353 621 426 684 136.
444 614 518 683 neo
536 621 595 684 τοῦ
607 622 792 702 μελοποιοῦ,
809 618 868 687 vol.
881 619 919 686 V.
929 639 958 702 p.
974 621 1058 698 3163
1074 621 1238 685 Damasoio
1254 618 1372 684 nullum

240 725 380 792 scholion
404 725 543 790 debetur.

487 955 513 1011 Β.
550 955 597 1009 ΒΕ
617 954 783 1010 sefloifls
801 955 852 1010 AD
872 955 1124 1010 ΤΗΕΑΕΤΕΤΠΜ.
1207 1037 1208 1046 ¹

329 1097 549 1179 Copiosissima
572 1099 646 1162 suni
669 1098 788 1162 scholia
810 1098 902 1163 huius
926 1097 1061 1182 dialogi;
1085 1117 1142 1162 neo
1162 1097 1290 1162 dubium
1307 1115 1375 1162 esse

239 1206 318 1270 mihi
342 1205 473 1280 videtur,
500 1205 573 1287 quin
590 1204 728 1270 eiusdem
744 1204 849 1270 Prooli
873 1206 1123 1284 commentarius,
1149 1225 1229 1268 nuno
1249 1204 1374 1286 quidem

237 1311 429 1394 deperditus,
452 1330 558 1376 eornm
574 1311 642 1376 fons
658 1312 764 1377 fuerit.
789 1310 877 1392 Quod
894 1313 929 1376 ui
945 1311 1167 1390 demonstrem,
1184 1313 1267 1376 hisee
1284 1331 1374 1394 argu·

135 1431 139 1439 ·
238 1420 353 1484 moniis
377 1420 457 1484 utor.

328 1526 478 1604 Marinus,
504 1527 555 1608 qui
579 1525 682 1590 Prooli
705 1525 802 1589 vitam
828 1525 1019 1607 conseripsit,
1043 1524 1136 1588 huius
1160 1523 1375 1589 commentarii

238 1633 428 1697 mentionem
444 1633 489 1697 sio
504 1632 580 1697 iacit
593 1637 671 1714 (sap.
682 1633 754 1715 38);
773 1626 822 1696 ἀεὶ
836 1629 905 1715 με’ν,
919 1625 1030 1714 inquii,
1043 1633 1109 1696 τῶν
1122 1627 1229 1695 τίλλων
1244 1626 1375 1694 πάντων

237 1739 402 1823 προετίθει
416 1735 456 1803 τὰ
472 1739 518 1815 εἰς
538 1739 674 1822 Τίμαιον
688 1733 915 1823 ὑπομνήματα,
936 1733 1118 1823 ἠρέσκετο
1140 1739 1159 1802 δ
1165 1734 1178 1800 i
1194 1731 1296 1801 πάνυ
1312 1734 1374 1800 καὶ

237 1851 321 1921 τοῖς
344 1845 398 1922 εἰς
424 1845 642 1929 Θεαίτητον.
682 1846 802 1910 Deinde
827 1846 884 1910 hoo
907 1839 1084 1928 ὑπόμνημα
1107 1847 1214 1909 ταινίαι
1237 1844 1302 1926 ipse
1325 1844 1374 1907 bis

237 1953 270 2018 in
284 1952 339 2018 illo
356 1952 397 2034 (p.
413 1953 454 2018 78
472 1953 551 2019 med.
566 1953 598 2017 ei
611 1953 674 2016 248
690 1953 762 2034 posi
774 1952 856 2018 med.
869 1953 951 2019 lidii.
966 1952 1061 2019 Besil.
1077 1981 1115 2004 =
1133 1953 1174 2017 78
1188 1951 1210 2016 O
1224 1953 1256 2014 εί
1269 1950 1374 2014 2481)

237 2059 322 2127 Edit.
348 2059 505 2146 Schneid.)
533 2061 677 2142 respicit:
716 2059 788 2144 περὶ
810 2057 869 2143 μέν
893 2049 954 2125 οὖν
976 2059 1148 2142 κριτηρίων
1172 2052 1298 2140 ἀρκέσει
1320 2055 1374 2120 καὶ

236 2169 339 2231 ταῦτα
348 2165 371 2250 1)
391 2163 474 2248 πρὸς
492 2162 530 2231 noi
553 2163 681 2252 παρόν.
694 2168 816 2250 ε’ίρηται
830 2163 893 2251 γὰρ
909 2161 987 2251 ἡμῖν
1004 2164 1038 2231 έν
1054 2172 1121 2241 τοῖς
1137 2165 1182 2240 είς
1200 2165 1375 2244 Θεαίτητον

238 2269 292 2338 διὰ
308 2271 467 2338 πλειόνων
482 2271 694 2359 περὶτούτων
710 2270 909 2358 σαφέστερον
922 2294 928 2308 ·
943 2279 975 2338 et
995 2274 1092 2338 aliero
1109 2274 1194 2337 loco:
1219 2267 1372 2335 δέδεικται

237 2383 320 2463 γοῦν
337 2378 372 2445 έν
390 2378 562 2468 Θεαιτήτῳ,
587 2377 637 2445 ὅτι
654 2377 736 2446 κατὰ
751 2375 858 2446 πάντα
880 2381 1042 2448 κινεῖσθαί
1064 2402 1095 2444 τι
1117 2381 1280 2452 παντελῶς
1296 2373 1375 2441 οίδιί-

236 2511 338 2553 νατον
362 2487 430 2572 (oir.
457 2489 556 2556 Prool.
581 2489 676 2553 eiiam
701 2491 765 2553 232
790 2485 840 2575 Ε).
887 2489 1053 2552 Praeterea
1076 2486 1253 2551 Diedoohus
1277 2483 1374 2548 semel

238 2597 354 2660 citatur
376 2596 409 2660 in
433 2596 549 2660 scholio
574 2595 613 2660 ad
641 2597 701 2660 155
725 2597 751 2659 B
777 2596 820 2678 (p.
835 2597 898 2660 239
915 2595 945 2658 Η
965 2625 1002 2648 ==
1022 2597 1086 2660 359
1104 2594 1162 2676 Β);
1188 2586 1205 2656 ὁ
1225 2587 1375 2674 Πρόκλος

236 2698 274 2766 τό
299 2696 380 2766 ἄλλοί
403 2699 573 2785 παρέλκειν
596 2697 687 2785 λέγει.
727 2703 868 2784 Denique
888 2702 991 2786 glossa
1016 2704 1075 2766 195
1093 2701 1119 2764 Β
1140 2702 1184 2784 (p.
1203 2701 1266 2764 248
1284 2699 1312 2762 H
1333 2727 1370 2750 =

239 2812 303 2875 366
323 2810 364 2892 B)
390 2804 574 2894 ἀδολέσχης]
600 2803 618 2873 ὁ
642 2807 908 2884 δυσαπάλλακτος
930 2803 984 2892 ἀφ’
1009 2805 1146 2872 έκοίστον
1173 2801 1273 2889 λόγον
1297 2805 1373 2868 satis

237 2917 381 2982 oonvonii
396 2935 466 2981 oum
484 2917 586 2980 Prooli
602 2915 643 2980 nd
659 2917 875 2981 Parmeniden
892 2917 1096 2998 explicatione
1114 2915 1188 2997 (vol.
1203 2914 1239 2978 V.
1253 2933 1282 2994 p.
1297 2913 1371 2977 269.

237 3023 321 3088 ndis.
346 3020 501 3109 Cousin.):
525 3021 577 3087 καὶ
601 3017 701 3098 αὐτὸς
723 3018 789 3107 μην
812 3023 890 3103 (soii.
917 3020 1094 3104 Σωκράτ.),
1119 3023 1231 3104 inquii,
1256 3013 1373 3083 ἑαυτὸν

239 3123 357 3193 οὑτωσὶ
372 3133 481 3194 καλεῖν
497 3123 583 3207 ἀξιοῖ
595 3125 649 3194 διδ
665 3125 725 3214 τὴν
740 3123 899 3194 παντοίαν
914 3132 980 3194 τῶν
996 3125 1207 3212 ζητουμένων,
1223 3123 1265 3211 ἥν
1278 3127 1373 3190 ε’ίωθε

237 3242 413 3315 ποιεῖσθαι,
440 3232 585 3321 βοίσανον
608 3235 663 3301 καὶ
685 3233 1032 3302 δνσαπαλλακτέαν
1055 3239 1130 3301 τῶν
1153 3231 1277 3317 λόγων
1300 3227 1372 3315 πρὸ

238 3341 295 3427 ’τῆς
318 3336 472 3425 εὑρέσεως
493 3339 678 3428 τάληθοῦς.
693 3394 722 3410 ..
745 3341 853 3409 δεινὸν
875 3341 937 3427 γὰρ
957 3340 1091 3427 πρᾶγμά
1106 3357 1206 3427 φησιν
1223 3337 1323 3415 ον’τός
1338 3337 1374 3404 έν

311 3607 333 3679 ¹)
351 3609 461 3664 Procius
480 3609 520 3665 ibi
531 3609 652 3679 loquitur
664 3607 722 3676 περὶ
737 3607 890 3678 αἰσθήσεως
902 3609 1010 3678 eiusque
1023 3609 1168 3678 κριτηρίων
1181 3614 1209 3665 et
1222 3610 1256 3663 ad
1270 3610 1372 3662 Theae-

236 3700 323 3752 τείνει
341 3698 463 3768 pluribus
482 3697 514 3753 de
532 3697 575 3752 his
593 3715 621 3753 se
644 3697 821 3769 disputavisse
843 3699 998 3769 profiteinr;
1023 3698 1092 3753 unde
1116 3699 1225 3754 fluxisse
1248 3699 1372 3752 videntur

238 3788 340 3842 scholia
360 3787 410 3842 156
429 3788 453 3842 D
471 3787 517 3841 καλ
533 3785 585 3855 poio
605 3790 640 3858 (p.
660 3787 712 3841 240
725 3789 752 3842 Η
765 3811 797 3834 =
811 3788 863 3842 360
876 3788 925 3858 Β),
946 3787 996 3841 163
1015 3790 1039 3843 Α
1057 3785 1200 3856 πρόκειται
1219 3789 1254 3858 (p.
1267 3787 1318 3840 241
1332 3790 1371 3844 H:

238 3893 290 3936 om,
307 3877 349 3946 B),
370 3876 421 3931 166
435 3876 456 3933 O
470 3872 498 3930 ἐκ
510 3877 564 3929 τῶν
583 3878 619 3947 (p,
633 3876 686 3930 242
700 3878 726 3932 H
739 3900 771 3923 =
786 3876 836 3930 361
851 3877 893 3943 Β),
915 3877 965 3930 184
981 3879 1004 3931 D
1023 3880 1086 3933 θίΕ
1105 3874 1156 3946 οὔχ
1175 3871 1217 3931 δτι
1236 3881 1263 3932 ei
1281 3874 1372 3929 ττοίντα

240 3968 276 4036 (p.
295 3964 394 4036 246s47
413 3965 440 4020 Η
460 3988 492 4012 =
512 3965 564 4021 365
583 3965 629 4036 Β),
651 3967 701 4020 185
720 3966 744 4022 A
763 3969 791 4020 ei
810 3965 831 4022 C
850 3968 900 4034 τὴν
919 3965 1049 4021 διοίννιοιν
1068 3971 1096 4022 et
1113 3967 1145 4021 τό
1166 3968 1204 4038 (p.
1223 3968 1274 4021 247
1294 3970 1320 4022 Η
1338 3989 1371 4014 =

239 4054 292 4110 sos
310 4055 352 4123 B),
374 4055 422 4109 191
443 4054 466 4108 Β
485 4060 513 4111 et
531 4056 554 4109 Β
572 4050 590 4124 ἡ
608 4054 748 4124 ιιμπιιιή
767 4059 795 4110 ει
812 4057 850 4122 μη
870 4049 942 4109 οὕτω
956 4043 997 4127 ip.
1012 4055 1064 4110 nos
1077 4057 1103 4111 H
1117 4079 1149 4101 =
1162 4056 1215 4110 eoo
1228 4056 1270 4124 Β).
