3020 4688
639 271 859 336 ...69-

181 461 294 550 γωγὴν
318 484 354 531 er
377 466 481 531 Photii
510 465 607 530 lexico
637 465 823 549 descriptam
855 485 922 531 esse
950 466 1155 545 contendunt,
1186 467 1315 552 infringi

181 591 269 655 posse
293 573 427 652 videtur,
452 573 596 654 qnoniam
619 573 802 638 incredibile
826 575 953 639 3311133
977 593 1053 656 quas
1076 574 1170 639 attuli
1194 574 1313 638 Timaei

180 679 302 763 glossas
326 680 401 744 olim
423 679 578 762 pleniores
602 679 698 744 fuisse
723 683 754 744 et
775 680 922 763 cuiusque
947 699 1054 745 earum
1077 683 1197 763 prima
1219 681 1314 745 verba

180 786 319 852 abscissa
342 805 426 865 esse3
450 788 543 868 atque
558 786 690 851 Photins
713 787 898 852 manifestus
917 790 966 853 est
980 787 1131 852 terminos
1146 787 1314 852 mutavisse

180 893 302 958 Timaei
333 893 573 976 explicationum
605 890 786 976 (ἐχέγγυον,
819 889 1051 980 ὁμοτέρμονες)
1080 895 1111 958 31
1141 911 1315 958 accommo-

181 999 305 1065 davisse
317 1000 430 1084 glossis
442 1000 533 1064 lerici
545 1000 705 1065 cuiusdam
716 1001 968 1066 Bachmanniano
981 1000 1143 1066 simillimi.
1166 1001 1316 1068 Photium

180 1109 289 1171 antem
312 1107 416 1188 ipsum
440 1107 568 1171 Timaeo
591 1126 681 1172 nsum
706 1127 773 1172 esse
797 1110 926 1190 apparet
948 1127 985 1172 ex
1007 1107 1091 1172 illius
1118 1107 1223 1192 glossa
1245 1102 1313 1172 νώ·

180 1207 272 1296 ἡμεῖς
296 1249 339 1259 -
364 1251 406 1260 -—
431 1231 548 1278 rmerv·
573 1214 605 1277 οἱ
625 1220 694 1290 τοῖς
715 1211 819 1293 ξένοις
840 1209 1015 1299 ἡγούμενοι
1038 1207 1111 1278 ὁδοί
1128 1210 1211 1299 (313),
1237 1231 1314 1296 quae

181 1338 284 1384 errore
310 1322 475 1385 coniuncta
498 1324 570 1386 sunt
593 1339 609 1385 3
630 1321 750 1387 Timaei
773 1322 816 1406 gl.
840 1318 897 1402 νώ,
921 1324 1010 1401 νῶϊν,
1035 1320 1171 1404 ξεναγοὶ.
1196 1320 1315 1398 (Naher

179 1427 299 1511 proleg.
324 1427 364 1492 ad
386 1428 479 1493 Phot.
502 1428 591 1495 lexic.
616 1449 645 1510 p.
672 1430 760 1512 113.)

603 1679 868 1687 ——-——--

209 1873 286 1940 One.
310 1875 366 1940 VI.
405 1875 460 1939 Da
484 1872 749 1952 DIOGENIANI,
773 1871 939 1950 BOBTHI,
963 1871 1161 1950 DIONYSII,
1185 1871 1285 1938 PAU-

304 1979 458 2046 SANIAE
482 1979 655 2061 anxiata,
680 1978 948 2047 SOHOLIORUM
971 1977 1188 2044 FONTIBUS.

269 2176 440 2258 Postquam
470 2177 534 2241 13111
563 2175 735 2258 permultas
767 2176 888 2260 glossas
916 2195 932 2240 e
960 2175 1149 2240 scholiorum
1180 2174 1310 2240 colluvie

179 2282 373 2360 seclusimus,
396 2301 478 2347 nnnc
501 2282 605 2365 paullo
626 2281 1181 2365 13311133113313133133133111311111
1198 2283 1312 2365 potest,

179 2391 232 2472 qui
254 2390 379 2472 3133131
399 2389 561 2454 Timaeum
585 2390 770 2455 scholiastae
794 2409 904 2456 vocum
926 2391 1200 2472 interpretationes
1222 2408 1313 2472 prae-

178 2490 314 2562 buerunt
347 2498 577 2580 grammaticas.
623 2498 756 2562 Restant
786 2498 892 2564 autem
922 2497 1040 2563 multae
1063 2497 1183 2561 Boetho
1210 2495 1312 2561 vindi-

179 2602 305 2677 candae,
329 2601 481 2686 plurimae
505 2603 617 2668 deinde
633 2605 882 2688 Diogenianeae3
905 2604 1106 2669 inveniuntur
1123 2605 1311 2669 3113111133-

178 2711 291 2788 nullae,
323 2728 398 2792 quas
422 2710 460 2774 ad
483 2711 610 2774 Aelium
641 2711 825 2795 Dionysium
853 2712 1161 2776 Halicamassensem
1184 2710 1310 2790 referas,

177 2835 350 2900 perpaucae
374 2835 452 2899 qnae
475 2817 679 2883 Pausanianis
703 2822 776 2885 sunt
798 2819 989 2903 persimiles;
1014 2837 1070 2883 nec
1087 2818 1200 2883 desunt
1215 2837 1311 2900 quae-

178 2924 260 3005 dam,
287 2923 324 2988 de
349 2943 478 3007 quarum
503 2924 622 3010 origine
647 2925 780 2991 dubites

267 3031 315 3093 De
337 3031 516 3096 auctoribus
540 3030 667 3118 quidem
697 3032 902 3114 plurimarum
931 3032 1105 3116 glossarum
1128 3032 1204 3096 satis
1228 3032 1311 3096 certo

178 3139 312 3215 3333131,
338 3156 395 3204 nec
417 3156 487 3202 raro
515 3157 637 3203 summa
666 3158 736 3204 cum
764 3139 984 3222 probabilitate
1019 3139 1157 3223 singulas
1179 3138 1309 3217 Boetho,

179 3245 378 3329 Diogeniano,
402 3245 563 3311 Atticistis
590 3245 755 3310 restituere
783 3265 956 3329 possumus.
1002 3248 1227 3312 Verumtamen
1250 3244 1310 3310 dif-

178 3351 318 3417 ficillima
349 3352 448 3416 oritur
481 3354 667 3434 quaestio,
698 3372 767 3436 qua
800 3353 858 3418 via
889 3373 930 3419 ac
958 3354 1105 3419 ratione
1133 3353 1310 3435 cuiusque

179 3459 342 3524 auctoris
376 3457 526 3541 glossae
560 3459 598 3523 in
634 3459 780 3525 scholia
814 3461 1061 3538 manaverint,
1089 3460 1309 3526 deutrum

179 3585 220 3630 ex
253 3584 472 3648 unoquoque
510 3565 664 3630 illorum
706 3566 1064 3650 lexicographorum
1104 3567 1311 3632 scholiasta

179 3674 346 3739 hauserit
368 3673 464 3755 ipso,
488 3692 532 3737 an
555 3675 667 3738 huius
690 3675 752 3739 vel
774 3674 884 3739 illius
908 3675 1037 3756 copias
1059 3691 1124 3756 per
1147 3674 1309 3757 aliquem

179 3780 291 3846 alium
316 3781 546 3864 cognoverit.
576 3780 662 3846 Haec
685 3782 785 3846 altera
801 3781 903 3864 opinio
919 3780 1037 3846 Naberi
1054 3782 1111 3860 331,
1135 3782 1188 3864 qui
1204 3800 1311 3847 omnes

180 3889 298 3971 glossas
331 3888 552 3972 grammaticas
588 3888 738 3972 (exceptis
762 3888 804 3972 gl.
830 3888 963 3973 Timaei)
998 3888 1037 3954 ad
1069 3889 1183 3954 Boethi
1212 3888 1310 3953 lerica

181 3995 340 4060 Platonica
367 3993 463 4059 relert
486 3997 519 4060 et
542 3993 615 4059 illos
642 3995 726 4061 inter
749 3993 846 4061 Stoici
874 3995 976 4061 fontes
1007 3997 1149 4060 recenset
1177 3993 1308 4078 (proleg.
