3020 4688
638 280 854 372 „15-

266 502 305 566 Iu
336 502 440 586 glossa
470 520 548 585 quae
571 502 770 584 subsequitur
796 503 858 566 106
881 501 911 566 Α
935 501 1174 585 olympiodorus
1206 503 1313 566 contra

177 629 194 674 e
227 609 353 674 scholiis
386 608 545 674 emendari
577 609 689 691 potest.
735 608 793 672 Ille
829 609 910 696 enim
947 603 1147 690 ἀτοπώτερος
1180 609 1313 691 explicat

176 710 450 798 θαυμασιώτερος
473 716 543 798 (εἰσ)
565 735 637 800 pag.
655 717 696 779 59
713 714 798 798 (cunr
820 706 885 781 not.
903 716 971 798 41),
995 715 1100 796 paullo
1123 715 1206 780 inira
1228 716 1312 781 recte
1342 733 1343 736 ’

177 817 447 906 θαυμασιώτερος
469 822 606 903 exhibet,
628 822 660 886 id
683 821 764 903 quod
785 822 818 886 in
833 821 959 887 scholiis
983 842 1102 905 quoque
1126 823 1258 889 occurrit
1281 824 1313 887 et

180 929 219 993 ad
235 930 338 994 cetera
354 928 501 994 vocabula
519 929 640 1012 glossae
657 929 769 994 melius
786 947 818 994 se
835 929 938 994 habet.
957 927 1025 1012 (cir.
1039 931 1111 997 Lex.
1125 930 1252 995 Bachm.
1272 958 1309 982 =

178 1036 297 1102 Anecd.
315 1037 443 1101 Baohm.
460 1037 519 1102 vol.
538 1037 562 1101 l.
580 1056 612 1118 p.
632 1038 705 1114 160,
724 1038 791 1120 17).

267 1143 442 1208 Scholiasta
465 1144 676 1226 compluribus
700 1143 776 1208 loeis
800 1143 837 1208 de
858 1143 974 1226 dialogi
989 1144 1130 1226 partibus
1147 1161 1314 1224 earumque

178 1251 372 1334 argumentis
397 1251 429 1314 et
449 1251 612 1333 imprimis·
628 1251 665 1315 de
690 1250 880 1334 syllogismis
904 1268 981 1333 quae
1007 1251 1164 1333 disputat:
1199 1248 1314 1314 1101)

180 1358 458 1442 (μ277Η-εμ,
484 1361 544 1422 321
572 1358 621 1443 Β),
651 1360 712 1422 112
735 1358 761 1422 Ε
785 1359 826 1440 (p.
846 1360 910 1422 278
927 1359 972 1435 Η;
996 1347 1099 1424 omitt.
1116 1357 1178 1440 Β),
1206 1358 1314 1421 115A

179 1465 223 1546 (p.
249 1465 312 1528 279
339 1463 386 1541 H3
416 1465 517 1529 omitt.
541 1465 597 1550 Β),
626 1484 662 1529 ex
687 1463 795 1528 eodem
819 1463 1040 1548 Olympiodoro
1056 1463 1206 1545 sumpsit.
1253 1460 1315 1542 Qui

178 1571 256 1636 item
281 1590 316 1635 ac
339 1571 507 1635 scholiasta
531 1570 691 1654 dialogum
713 1572 745 1634 in
769 1571 833 1636 tres
849 1571 969 1636 dirimit
991 1574 1095 1652 partes
1112 1575 1154 1651 (p.
1169 1573 1207 1634 11
1226 1569 1314 1648 init.;

180 1677 234 1742 cfr.
250 1697 281 1760 p.
298 1679 338 1742 57
356 1678 424 1742 init.
443 1678 474 1741 et
490 1697 520 1759 p.
540 1678 598 1742 62:
616 1675 652 1741 ἐν
666 1676 887 1753 couversos
903 1673 1075 1761 ἀρχη)
1329 1661 1331 1670 ¹

268 1785 345 1848 Tres
369 1785 490 1867 glossae
515 1785 672 1866 proximae
700 1785 804 1849 10711
828 1789 915 1868 λείη
939 1780 1059 1859 θότως
1083 1785 1115 1847 et
1138 1779 1314 1866 ἀνροχει·

180 1891 369 1975 ρίζεσδαι,
398 1894 459 1958 108
481 1892 509 1954 A
534 1887 604 1972 ὅρα
628 1891 789 1956 nonsatis
813 1891 932 1956 similes
956 1883 1038 1973 apud
1058 1890 1315 1974 Olympiodorum

180 1999 304 2073 extant3
336 1998 389 2078 qui
418 1999 510 2062 etiam
536 1997 572 2061 de
596 1997 806 2082 ἑλληνίζειν
829 2017 915 2063 voce
940 1999 1071 2081 (schol.
1100 2000 1160 2061 111
1187 1997 1229 2078 Α)
1254 1996 1315 2060 alia

180 2104 278 2169 docet.
304 2103 384 2168 Nam
410 2105 468 2168 hac
492 2105 712 2186 comprehendi
736 2105 813 2170 dicit
836 2105 911 2169 duas
934 2098 1316 2180 respondentium

181 2213 276 2296 φωνῇ
298 2217 382 2296 μόνῃ
405 2213 581 2294 κεχρῆσθαι
604 2211 657 2276 καὶ
679 2208 716 2277 τὸ
742 2207 922 2288 ἀπταίστως
945 2209 1161 2294 διαλέγεσθαι.
1187 2210 1315 2275 Proolus

180 2319 286 2382 autem
312 2321 355 2401 (p.
373 2319 436 2381 258
454 2322 530 2384 extr.
548 2320 580 2382 et
597 2321 676 2406 seq.)
697 2337 793 2401 aeque
817 2337 852 2383 ac
873 2306 1041 2384 scholiasta
1057 2321 1123 2384 tres
1140 2317 1314 2400 distinguit,

181 2426 292 2508 quibus
306 2425 491 2506 comparatis
504 2425 593 2489 illum
607 2426 794 2491 scholiorum
804 2426 960 2508 ipsiusque
970 2425 1185 2508 Olympiodori
1197 2425 1316 2489 fontem

180 2532 276 2596 fuisse
302 2535 539 2596 consentaneum
564 2535 612 2596 est
636 2533 718 2613 (vide
735 2535 817 2598 hunc
838 2553 868 2615 p.
887 2536 952 2618 95).
977 2533 1042 2596 Nec
1066 2533 1169 2596 minus
1192 2532 1315 2616 glossae

181 2659 258 2722 quae
275 2639 347 2702 huie
364 2638 553 2702 antecedunt
567 2636 715 2723 λείηθότ.
733 2643 766 2704 et
782 2636 842 2722 ὅρα
854 2638 879 2726 l)
900 2641 1001 2706 eidem
1018 2639 1128 2704 Proelo
1143 2638 1315 2703 reddendae

181 2747 262 2812 sunt.
304 2743 485 2828 Quanquam
509 2747 591 2810 enim
616 2748 832 2812 commentarii
855 2766 926 2829 pars
950 2766 995 2825 ea,
1021 2765 1098 2827 quae
1122 2746 1316 2828 spectaverat

182 2852 219 2917 ad
243 2852 401 2935 dialogum
425 2872 443 2916 a
466 2871 536 2934 pag.
557 2854 617 2916 107
635 2855 663 2917 Α
685 2853 836 2937 usquead
854 2855 916 2918 108
934 2854 1079 2935 Dperih,
1104 2853 1232 2917 Proolus
1248 2853 1314 2934 ipse

184 2955 306 3044 (paca
324 2959 488 3042 ve1·s.fin.)
508 2959 636 3034 indicat,
661 2978 738 3042 quae
759 2960 912 3041 capitibus
928 2959 1097 3040 deperditis
1122 2959 1314 3042 exposuerit:

185 3062 337 3130 δέδεικται
353 3055 414 3130 οὖν
435 3063 580 3131 ἐνταῦθα
600 3061 758 3151 πρότερον
773 3064 832 3150 μὲν
848 3056 919 3144 οὖν,
945 3063 994 3131 ὅτι
1009 3067 1044 3130 αί
1066 3063 1165 3143 ἕξεις
1188 3064 1224 3130 ἐν
1238 3059 1316 3148 ἡμῖν

183 3172 218 3236 αἱ
241 3171 379 3256 τεχνικαί
404 3172 458 3237 καὶ
485 3171 727 3256 ἐπιστημονικαὶ
750 3172 850 3250 θεοὺς
873 3172 1012 3259 ἐφόρους
1037 3172 1144 3257 ἔχουσι
1172 3171 1225 3236 καὶ
1250 3167 1315 3237 ἀπὸ

182 3283 269 3343 θεῶν
299 3276 462 3363 ὥρμηνται
482 3276 542 3363 τὴν
563 3276 703 3364 πρώτην.
722 3279 873 3364 δεύτερον
893 3277 927 3346 δὲ
949 3277 1122 3345 depacisci
1145 3275 1316 3361 ὀνόματα

181 3391 251 3462 ταῖς
281 3384 400 3450 είκὸσιν
431 3382 495 3451 οίττδ
523 3390 589 3451 τῶν
615 3383 884 3472 παραδειγμάτων
911 3385 990 3472 μετὰ
1017 3391 1073 3472 τῆς
1096 3383 1208 3462 οὐσίας
1233 3383 1316 3450 ἐνδί-

182 3494 283 3558 δοται.
308 3493 416 3577 τρίτον
440 3489 490 3557 ὅτι
512 3491 556 3558 τδι
580 3493 819 3579 παρωνύμως
842 3491 907 3560 eiad
929 3519 1027 3560 τινων
1050 3500 1202 3577 λεγόμενα
1218 3495 1316 3578 τριῶν

182 3601 282 3665 δεῖται
311 3599 445 3680 τούτων,
473 3603 533 3666 τοῦ
555 3608 724 3682 κοινωνεῖν
750 3607 806 3686 τῆς
835 3601 963 3680 οὐσίας,
990 3605 1046 3686 τῆς
1073 3603 1133 3666 τοῦ
1157 3596 1317 3684 ὀνόματος

181 3704 351 3790 μεθέξεως,
380 3710 436 3791 τῆς
461 3704 543 3772 κατὰ
570 3704 630 3792 τὴν
651 3711 836 3773 τελευταίαν
860 3705 1023 3793 συλλαβὴν
1045 3710 1209 3792 ’διαφορᾶς
1234 3707 1315 3785 (vide

183 3815 277 3878 etiam
293 3814 409 3897 antea).
442 3814 595 3880 Similiter
611 3834 646 3880 ac
662 3816 830 3880 scholiasta
845 3814 923 3898 (108
935 3817 964 3880 A
977 3835 1056 3882 vers.
1069 3813 1136 3902 fin.)
1155 3814 1315 3900 Olympio-

256 4043 274 4113 1)
294 4041 526 4114 ἀκροχειρίζεσθαι
546 4050 588 4104 est
606 4065 620 4104 e
640 4049 745 4103 Timaei
765 4049 909 4120 sophistae
928 4049 1014 4104 lexico
1035 4048 1185 4104 Platonico.
