3020 4688
273 1087 383 1154 Garun
406 1087 448 1155 II.
484 1088 538 1152 Dll
563 1087 810 1155 GLOSSARUM
834 1088 1227 1160 cuooanrffloeauu

642 1213 858 1280 FON'PIBUS.

272 1407 359 1473 Inter
382 1408 570 1474 scholiorum
594 1409 696 1474 fontes
711 1409 832 1474 Timaei
855 1411 886 1475 et
901 1411 1015 1476 Boethi
1037 1410 1135 1476 lorica
1154 1412 1314 1478 Platonica

183 1513 375 1580 numeranda
397 1533 466 1580 esse
488 1517 598 1597 postca
621 1514 804 1582 videbimus.
829 1515 895 1582 Hos
910 1535 1031 1600 quoque
1055 1519 1195 1584 Platonis
1217 1520 1314 1584 inter-

184 1603 288 1704 pretes
315 1639 365 1686 res
392 1621 618 1704 geographicas
647 1622 790 1705 attigisse
817 1623 944 1705 planum
971 1623 1008 1688 fit
1035 1625 1173 1707 inspecto
1196 1626 1315 1690 Timaei

182 1727 301 1806 libello,
325 1728 412 1792 velut
435 1747 460 1794 s.
484 1747 513 1794 v.
536 1722 700 1812 Ὠρωπός,
724 1733 951 1814 Χαίαοτραῐον
971 1730 1092 1812 νίτρον,
1119 1729 1314 1816 cooperato,

189 1831 308 1917 Τέμπη,
329 1832 431 1914 Πνύξ,
448 1830 658 1920 Λνναβηννός
673 1839 745 1916 etc,
762 1838 794 1901 et
810 1837 937 1918 apparet
953 1837 1048 1902 etiam
1064 1858 1080 1902 e
1096 1838 1194 1904 lexico
1211 1841 1315 1904 Photii

184 1941 231 2024 (in
256 1940 337 2025 quod
361 1941 475 2006 Boethi
498 1940 620 2024 glossae
643 1943 861 2028 transierunt),
886 1941 940 2008 cfr.
958 1961 983 2009 s.
1000 1963 1028 2010 v.
1054 1943 1260 2030 Καίίιρῤόην
1283 1950 1315 2038 et

184 2051 359 2134 Σοαριααῇ
382 2042 448 2137 ὁδῷ
459 2047 492 2132 1).
532 2048 576 2113 At
598 2050 722 2131 praeter
744 2049 801 2114 has
824 2048 900 2113 duas
923 2049 1041 2114 nullam
1064 2050 1145 2133 apud
1168 2052 1312 2118 Photium
1360 2081 1362 2088 v

183 2155 442 2234 interiectam,
474 2174 552 2238 quae
580 2157 696 2221 certo
719 2155 833 2220 Boethi
861 2175 928 2220 esse
951 2156 1088 2234 dicatum
1122 2160 1315 2240 quinetiam

183 2262 389 2327 demonstrari
409 2263 513 2345 potest
535 2263 605 2327 aliis
628 2261 765 2328 fontibus
781 2263 964 2328 scholiastes
980 2281 1052 2328 usos
1070 2282 1155 2341 esse;
1180 2266 1315 2331 breviter

183 2387 265 2434 nnnc
289 2365 346 2433 'cos
373 2369 612 2434 recensebimus.
638 2405 676 2416 —
703 2369 876 2451 Usmpatos
898 2369 1072 2436 invenimus
1094 2368 1191 2436 libros
1217 2373 1314 2438 Dio·

183 2476 371 2560 geniani,
400 2475 633 2553 Strabonis,
662 2475 861 2558 Stephani
884 2476 1074 2560 Byzantii,
1105 2478 1315 2545 Ptolemaei

184 2581 476 2660 Alexandrini3
506 2583 722 2648 verumtamen
744 2582 812 2647 lieri
835 2584 957 2665 nequit,
980 2584 1016 2648 ut
1039 2584 1158 2650 scholia
1181 2604 1314 2668 quorun·

183 2689 255 2754 dam
274 2688 468 2773 dialogorum
484 2690 692 2773 geographica
715 2691 851 2755 omnia
873 2691 941 2755 uni
964 2689 1172 2774 eidemque
1195 2695 1314 2757 auctori

184 2796 386 2861 vindicemus.

272 2903 445 2986 Hesychius
468 2903 622 2986 imprimis
639 2922 708 2968 oum
729 2903 855 2969 scholiis
876 2903 1037 2980 couvenit3
1054 2923 1123 2968 cum
1141 2905 1257 2971 scholio
1274 2908 1313 2970 ad

185 3009 325 3093 Sympos.
352 3011 414 3074 173
439 3010 465 3073 Β
489 3010 665 3074 conferatur
693 3009 769 3074 haec
795 3007 900 3092 glossa
922 3009 1027 3074 illius:
1059 3011 1311 3094 Κνδαθηναῖος·

184 3117 285 3200 δῆμος
299 3117 356 3199 τῆς
371 3111 397 3180 α’
416 3118 523 3200 φυλῆς
544 3115 762 3192 Πανδιονίδος
777 3113 813 3180 ἐν
833 3113 921 3180 ἄστει
942 3118 985 3194 et,
1007 3135 1084 3199 quae
1100 3118 1311 3201 subsequitur:

184 3215 502 3305 heracleopoleos,
519 3221 600 3288 unde
612 3225 797 3305 perspicitur
809 3224 919 3288 harum
930 3225 1103 3308 glossarum
1119 3226 1312 3308 utramque

184 3331 278 3394 etiam
291 3331 323 3394 in
335 3329 520 3395 scholiastae
533 3329 618 3395 fonte
630 3327 770 3416 luissei);
782 3330 899 3413 aliquid
909 3331 1010 3396 similo
1019 3331 1051 3394 in
1058 3330 1162 3415 glossa
1172 3334 1314 3414 sequenti

256 3561 276 3630 ¹)
294 3561 363 3616 Vide
382 3564 444 3616 ante
462 3565 573 3629 στῖφος·
594 3561 738 3630 explicatio
758 3561 845 3627 deest;
865 3562 966 3631 inspice
984 3564 1076 3616 notam
1095 3561 1206 3616 Naberi.
1238 3615 1242 3634 ι

254 3649 275 3716 ²)
294 3651 362 3704 Item
386 3650 532 3705 scholiasta
555 3651 588 3706 ad
610 3649 660 3704 172
680 3651 704 3705 A
729 3651 765 3721 (p.
784 3648 837 3704 255
855 3651 882 3704 Η
901 3671 933 3694 =
952 3649 1004 3705 373
1022 3651 1056 3718 Β)
1083 3651 1206 3719 Φάληρον
1229 3651 1314 3718 δῆμος

185 3739 361 3802 Αἰαντίδος
378 3739 448 3794 dicit
466 3756 549 3810 aeque
567 3744 649 3810 atque
663 3741 825 3810 Hesychius:
846 3743 987 3805 Φαίαρεῖς,
1006 3740 1092 3808 δῆμος
1108 3741 1157 3808 τῆς
1170 3741 1314 3802 Αἰαντίδος

184 3829 272 3896 φυλῆς
284 3829 381 3898 (Maur.
392 3828 515 3898 Schmidt
526 3829 595 3884 hanc
608 3828 726 3899 glossam
739 3828 909 3884 subditiciam
922 3845 979 3884 esse
992 3830 1090 3899 censet)
1097 3853 1104 3896 ;
1124 3847 1181 3884 curn
1201 3833 1314 3899 utroque

184 3918 316 3972 consentit
334 3918 474 3987 inscriptio
492 3917 529 3988 (p.
548 3917 583 3971 20
602 3935 643 3988 ap.
662 3919 741 3973 Roas:
761 3918 805 3972 die
822 3919 923 3972 Demea
941 3935 965 3971 r.
979 3919 1073 3973 Attica
1093 3918 1173 3986 [adid.
1187 3919 1223 3972 hi.
1235 3919 1269 3976 H.
1283 3919 1312 3972 E.

184 4004 281 4077 Meier]
300 4007 347 4062 cfr.
365 4007 432 4064 ibid.
450 4025 476 4078 p.
492 4007 553 4076 136)
572 4009 635 4062 anui
654 4005 706 4061 325
726 4023 751 4061 a.
770 4006 846 4072 ohr.;
865 4007 1098 4078 Harpocratio
1118 4012 1206 4062 autem
1226 4008 1312 4076 (quem

185 4098 268 4152 secuti
285 4099 349 4151 sunt
366 4097 446 4152 Phot.
467 4096 542 4152 Suid.
559 4098 603 4152 Et.
622 4095 671 4166 ll.)
693 4097 769 4152 illum
788 4113 886 4166 pagum
906 4093 1065 4166 Ἀντιοχίδος
1082 4097 1165 4152 inisse
1183 4096 1278 4150 tradit.
