3042 4680
149 512 298 589 Bachm.;
322 514 397 577 Hes,
422 511 510 577 addit
533 509 810 596 σννηθροισμένα)
835 516 882 576 ct:
911 506 1032 594 ἁφαῖς·
1055 515 1191 595 πληγαῖς
1214 513 1277 598 (ap.

150 621 222 686 Hes.
256 619 342 687 Suid.
375 619 434 686 len.
467 619 596 687 Bachm.
625 621 696 697 169,
722 621 740 683 7
765 619 815 683 vel
841 618 959 686 Anecd.
983 617 1080 686 Bekk.
1105 620 1185 697 468,
1210 619 1275 704 22),

150 727 226 792 Cum
250 745 324 792 vero
347 727 437 792 Plato
462 745 561 810 neque
591 720 726 809 ἁφαῖς
757 744 855 810 noque
888 721 1114 809 συνειλεγμένα
1143 744 1277 807 unquam

149 833 273 915 dixerit,
296 833 400 897 nescio
424 851 485 915 quo
507 833 575 898 iure
599 833 742 898 Naberus
767 852 837 897 cum
860 832 947 911 alias,
971 835 1040 898 tum
1071 833 1150 898 hanc
1173 833 1278 896 Photii

149 941 286 1024 glossam
309 941 391 1003 inter
414 940 590 1004 Platonicae
613 939 774 1004 recenseat
784 939 815 1014 ¹).
840 977 884 985 -
906 940 948 1003 Et
971 940 1015 1002 sic
1038 940 1219 1004 sexcenties

238 1046 461 1110 Verumtamen
495 1045 588 1110 etiam
614 1065 664 1123 ea,
699 1045 809 1128 quibus
832 1045 948 1110 Nabeni
979 1048 1135 1111 sententia
1156 1046 1279 1129 probari

150 1154 288 1230 videtur,
323 1172 384 1219 non
418 1154 645 1236 praetereunda
680 1155 761 1219 sunt.
807 1152 1011 1217 Inueniuntur
1045 1153 1125 1217 enim
1158 1154 1277 1237 glossae

150 1261 306 1325 breviores
330 1279 407 1344 quae
432 1262 571 1342 quamvis
596 1262 634 1325 ob
658 1278 804 1344 maguum
830 1279 899 1324 cum
923 1260 1127 1344 Hesychianis
1151 1279 1278 1325 consen-

150 1386 216 1430 sum
235 1367 464 1451 Diogeuianeae
489 1386 556 1432 csse
573 1366 753 1432 iudicandae
770 1368 842 1443 sint,
867 1367 965 1432 nihilo
982 1370 1093 1445 minus,
1114 1369 1141 1432 si
1156 1371 1279 1450 praeter

151 1474 372 1556 explicationes
403 1475 552 1540 lemmata
584 1493 703 1558 quoque
734 1474 908 1565 glossamm
932 1475 1130 1557 respicimus,
1153 1476 1278 1557 propius

150 1562 298 1645 accedant
314 1600 405 1662 quam
424 1581 463 1645 ad
479 1583 670 1665 Hesychium
686 1581 725 1645 ad
748 1581 836 1658 alios,
861 1581 947 1645 uelut
963 1582 1121 1659 Photium,
1142 1581 1277 1658 scidam,

149 1687 268 1752 lexicon
292 1688 430 1768 Bachm.‚
455 1690 622 1772 inquibus
654 1689 764 1754 Boethi
798 1689 919 1771 glossae
944 1689 1123 1753 Platonicae
1155 1674 1276 1753 insunt:

149 1791 413 1877 γεγανωμένος
435 1795 544 1874 forma,
562 1814 639 1878 qnae
654 1796 771 1879 legitur
785 1797 818 1860 in
836 1795 921 1876 Rep.
939 1797 1001 1860 411
1021 1801 1061 1873 A,
1077 1815 1095 1859 a
1111 1796 1278 1860 scholiasta

148 1901 224 1964 item
248 1902 342 1983 atque
364 1900 495 1966 aSnida
518 1904 551 1967 et
573 1903 606 1966 in
627 1903 725 1966 lexico
742 1903 869 1969 Bachm.
895 1903 1066 1984 explicatur
1079 1904 1279 1984 λιλαμιιρνσ-

149 2005 259 2090 μένος,
296 2027 366 2073 cum
402 2009 577 2093 Hesychius
616 2028 677 2073 non
712 2011 935 2093 interpretetur
973 2009 1033 2098 nisi
1073 2005 1278 2091 γεγανωμένη

150 2113 294 2196 (formam
318 2134 336 2179 a
359 2115 489 2181 Platone
513 2116 669 2201 alienam),
716 2118 764 2182 Ibi
788 2136 862 2201 ergo
886 2116 1277 2198 BoethusDiogenianum

149 2218 380 2308 (γεγανωμένη)
397 2231 521 2289 secutus
538 2224 677 2289 Platonis
694 2224 753 2289 loci
770 2225 890 2289 ratione
906 2223 1014 2288 habita
1031 2219 1279 2305 (γεγανωμένος)

150 2329 319 2394 mutavisse
343 2329 404 2393 dici
427 2331 534 2412 possit.
582 2331 660 2396 Sunt
684 2350 756 2396 vero
780 2333 875 2396 etiam
899 2331 961 2396 alia
984 2330 1120 2398 eiusdem
1145 2330 1277 2412 generis,

151 2437 235 2501 ιοιοι
249 2432 416 2520 γάνυσθαι
431 2439 463 2502 ιο
479 2438 596 2503 senna
613 2438 794 2504 sceneca.
812 2439 916 2503 nean
934 2437 1051 2521 (pecc
1064 2437 1095 2500 H
1111 2466 1148 2488 -.-.
1164 2437 1227 2499 312
1239 2435 1278 2518 a)
1319 2417 1338 2515 l

150 2547 181 2608 et
204 2544 286 2625 apud
309 2544 452 2622 Suidam3
477 2545 661 2630 Hesychius,
687 2547 739 2630 qui
755 2547 836 2611 hunc
857 2545 1045 2609 infinitivum
1061 2563 1080 2607 a
1095 2542 1279 2626 philosopho

150 2651 249 2715 solum
274 2651 448 2717 adhibitum
473 2671 534 2716 non
558 2653 700 2733 explicat,
726 2654 763 2718 de
780 2652 889 2718 formis
903 2649 1079 2735 γανύοειαι
1096 2653 1127 2714 et
1142 2645 1280 2732 γάνυται

150 2757 286 2839 loquitur
310 2758 379 2841 (has
398 2759 582 2842 Diogeniani
605 2760 726 2842 glossas
750 2759 986 2843 lexicographus
1010 2775 1129 2840 quoque
1146 2755 1279 2819 Bekkeri
1397 2834 1403 2849 .

150 2865 275 2946 quintus
299 2869 403 2930 servat
427 2867 501 2946 230,
527 2869 595 2932 let
612 2868 655 2952 9).
679 2903 723 2912 -
749 2867 906 2950 Παιδικῆς
929 2865 1097 2930 scholiasta
1119 2863 1158 2928 ad
1173 2863 1278 2944 Epin.

151 2973 214 3037 974
229 2972 259 3036 Α
276 2972 319 3057 (p.
334 2975 397 3038 390
413 2973 444 3036 H
459 3002 495 3024 =
512 2974 576 3038 too
589 2974 627 3051 Β)
645 2973 712 3056 (ubi
728 2973 914 3055 significatio
940 2971 1117 3055 «puerilis»
1135 2970 1277 3053 quadrat)

151 3080 230 3144 male
254 3078 430 3161 suspicatur
446 3079 529 3145 idem
546 3098 613 3144 esso
633 3081 725 3163 atque
749 3080 791 3144 λλ
804 3104 823 3143 α
836 3102 855 3163 ρ
869 3082 889 3143 οἳ
902 3102 931 3158 ς,
957 3081 989 3144 et
1005 3078 1092 3142 addit
1115 3075 1147 3155 ἐξ
1171 3065 1211 3140 οὗ
1226 3076 1278 3139 καὶ

150 3181 380 3268 ιιαιδιαώιερον
414 3182 451 3252 cd
484 3182 687 3271 ἱλαρώτερον.
742 3188 829 3253 Unde
863 3188 966 3270 priora
1000 3185 1182 3268 sumpserit,
1218 3201 1277 3247 non

151 3293 246 3370 latet;
281 3311 353 3357 nam
377 3293 563 3378 glossulam,
599 3295 722 3376 qualem
744 3294 890 3371 Plotius,
920 3292 1154 3375 lexicographus
1181 3291 1278 3354 Bach-

153 3399 266 3480 manni‚
289 3399 397 3465 Suidas
428 3402 594 3483 praebent:
626 3395 881 3485 ιιαιιλιιιώιερονΙ
907 3395 1102 3484 ἱλαρώτερον
1125 3398 1190 3461 sine
1214 3397 1279 3461 ulla

241 3703 260 3773 ¹)
278 3703 349 3759 item
369 3704 434 3759 dues
448 3705 610 3774 Diogeniani
628 3705 760 3776 glossulas
773 3704 920 3758 scholiasta
933 3701 1109 3770 composuisse
1121 3699 1279 3754 manifestus

152 3793 243 3848 estad
262 3794 279 3849 J
285 3811 330 3848 on.
350 3793 401 3848 538
421 3792 441 3849 C
461 3795 497 3863 (p.
510 3793 563 3848 328
575 3793 601 3847 Η
614 3817 646 3838 =
660 3794 711 3848 333
725 3794 757 3863 B)
776 3793 828 3860 κνῆ
846 3793 930 3858 τυρὸν
950 3790 1066 3858 supetat]
1088 3786 1185 3842 ἔκοπτε
1196 3785 1279 3853 τνρὸν

152 3883 248 3936 κοπίδι,
269 3883 339 3937 Nam
352 3883 427 3940 Hes:
448 3883 510 3949 κνῆ
528 3882 687 3951 (οοᾶ.κνεῐ)·
706 3886 799 3936 κόπτει
813 3881 900 3951 (plura
913 3898 954 3950 ap.
969 3879 1057 3948 Suid.)
1071 3884 1110 3936 et:
1127 3878 1277 3945 κνῆστις·

152 3972 229 4033 κοπὶς
247 3972 347 4040 σιδηρᾶ
366 3993 393 4026 ιι.
407 3990 430 4024 τ.
444 3968 469 4026 a:
487 3971 544 4041 (cfr.
556 3972 679 4041 Apollon,
701 3971 759 4035 101,
780 3971 803 4023 5.
824 3969 917 4040 Bona,
939 3967 1026 4037 suid.;
1045 3968 1125 4026 Pnot.
1145 3966 1278 4034 omittit).

153 4061 314 4116 Schmidtius
327 4064 355 4116 et
367 4061 465 4116 Bernh.
484 4062 601 4131 glossam
620 4060 738 4116 referunt
757 4060 791 4114 ud
809 4058 981 4113 Homerum
994 4059 1037 4128 (Α.
1049 4057 1120 4123 638).

1444 3769 1500 3789 ...Δ
