3042 4680
602 264 842 325 -lll--

147 455 193 520 Vl
218 459 261 521 23
278 455 300 538 ¹)
326 455 481 534 convenit,
505 455 687 521 Patriaroba
717 457 823 520 autem
852 456 960 537 procul
983 457 1078 521 dubio
1102 457 1291 522 Pausaniam

151 561 221 644 (aut
244 560 445 645 Dionysium)
469 563 620 645 sequitur,
646 563 734 627 euius
758 562 895 646 glossam
919 563 1102 628 Eustatbins
1127 562 1180 646 (ad
1196 564 1289 628 Hom.

153 667 252 746 1591,
270 667 312 732 53
330 669 408 751 seq.)
432 668 567 751 profert3
591 668 716 734 illorum
741 669 824 732 enim
845 670 976 751 uterque
993 668 1165 760 Phayllivin
1188 669 1293 735 disco

150 775 189 838 et
212 773 317 838 saltu
340 775 490 839 virtutem
513 775 640 853 laudat3
666 775 797 840 Photiue
821 776 858 840 de
882 776 967 841 disco
991 776 1070 841 nihil
1093 777 1207 858 prodit.
1232 778 1292 842 Hie

149 897 249 962 aeque
274 897 310 944 ao
333 879 504 946 Pausanias
521 885 588 958 (aut
604 881 786 965 Dionysius)
808 881 899 946 illum
915 879 1095 965 στέμματα,
1115 903 1186 947 oum
1201 884 1292 948 antea

150 985 383 1069 quinquaginta
406 987 520 1069 pedum
544 992 659 1064 essent,
696 987 780 1052 saltu
803 989 997 1070 superavisse
1020 991 1144 1054 narrat:
1173 985 1211 1065 ὃς
1234 986 1291 1076 (so.

152 1090 332 1176 Φάϋλλος),
349 1087 380 1157 ν’
398 1094 510 1157 ποδῶν
533 1088 693 1174 πρότερον
717 1090 822 1158 ὄντων
845 1096 910 1159 τῶν
934 1091 1140 1177 σναμμνέτων,
1165 1097 1292 1176 πρῶτος

149 1195 251 1275 αὐτὸς
275 1194 451 1284 ὑπερέβαλε
474 1205 543 1275 τοῖς
564 1199 727 1284 πηδήματι
749 1203 920 1267 ταῦτα...
945 1200 1102 1284 (hastath.
1127 1200 1149 1266 l.
1176 1220 1201 1265 o.
1226 1201 1291 1265 fere

149 1305 282 1370 eadam.
297 1354 327 1370 ..
353 1300 454 1381 αὐτὸς
475 1300 653 1391 ὑπερέβαλε
676 1309 779 1371 ταῦτα
800 1303 977 1391 πηδήσας);
1002 1307 1170 1372 scholiasta
1185 1309 1291 1372 autem

147 1412 249 1476 tradit
281 1417 478 1494 πεντήκοντα
513 1409 595 1494 πρὸς
628 1419 696 1488 τοῖς
730 1409 823 1477 πέντε
856 1410 959 1488 πόδας
988 1451 1027 1459 -
1059 1411 1119 1477 ἐπὶ
1153 1417 1292 1496 μῆκος

147 1516 250 1602 ἥλατο
283 1520 314 1583 et
337 1518 424 1583 addit
446 1515 721 1601 θαυμάσαντες
745 1520 781 1583 οἱ
795 1568 825 1584 ..
850 1513 1108 1603 ἁμιλλώμενοι
1134 1521 1228 1608 στίχῳ
1251 1516 1289 1585 τό

146 1628 284 1707 θαῦμα
314 1620 509 1707 ἀοίδιμον
531 1628 581 1713 τῷ
604 1629 735 1714 μακρῷ
759 1626 1104 1694 ναταλελολπασι
1127 1623 1288 1715 χρόνῳ..

147 1730 220 1814 (cfr.
246 1731 361 1796 Zenob.
386 1731 439 1794 Vl.
465 1733 526 1796 23:
553 1728 705 1815 ..ἐπειδὴ
730 1721 792 1797 οὖν
814 1726 897 1815 ὑπὲρ
920 1728 998 1808 τούς
1022 1730 1241 1816 ἐσκαμμένονς
1256 1729 1287 1796 ν’

145 1835 254 1914 πόδας
278 1838 331 1913 εἰς
353 1833 395 1902 τό
419 1833 579 1918 στερεόν
601 1834 735 1922 ἥλατο,
759 1835 802 1903 τό
822 1835 975 1923 συμβὰν
998 1841 1050 1914 εἰς
1073 1840 1290 1921 παροιμίαν

145 1940 354 2030 περιέστη).
380 1945 511 2008 Photius
535 1962 607 2008 vero
632 1944 670 2008 de
694 1947 800 2008 statua
823 1946 889 2009 eius
912 1945 1051 2028 loquitur
1074 1948 1106 2009 et
1128 1965 1235 2010 versus
1258 1947 1290 2009 in

146 2070 186 2116 ea
209 2052 343 2132 scriptos
366 2069 433 2115 esse
458 2050 545 2115 dicit.

239 2156 291 2222 Sic
314 2158 341 2221 si
365 2155 483 2221 scholia
499 2173 570 2221 cnm
587 2156 700 2220 Photio
717 2158 750 2220 et
765 2156 1051 2239 paroemiographis
1068 2158 1290 2240 componimus,

146 2265 187 2328 de
212 2262 322 2327 multis
354 2261 475 2346 adagiis
509 2261 668 2326 Naberum
700 2281 761 2327 non
789 2265 875 2327 recte
898 2263 1083 2328 iudicavisse
1107 2264 1195 2328 nobis
1218 2283 1290 2346 per·

146 2371 336 2436 suademus:
367 2369 489 2433 Boetho
520 2369 608 2451 plura
639 2387 732 2451 quam
756 2369 891 2434 debebat
915 2389 931 2433 e
953 2370 1061 2434 Photii
1084 2370 1196 2453 glossis
1219 2370 1290 2434 red-

145 2477 229 2541 didit
252 2494 373 2539 neonon
396 2477 479 2540 iusto
503 2475 593 2558 plura
615 2476 717 2540 eidem
741 2494 757 2540 a
782 2476 970 2541 scholiorum
994 2477 1166 2558 proverbiis
1189 2477 1290 2541 vindi-

145 2584 248 2661 cavit3
274 2583 350 2665 quin
373 2582 468 2646 etiam
489 2583 526 2646 ut
542 2601 635 2664 supra
650 2582 785 2647 vidimus
801 2583 961 2661 nonnulla,
979 2601 1057 2666 quae
1074 2586 1158 2648 certo
1175 2584 1290 2648 certius

144 2691 219 2756 aliis
243 2688 423 2754 auctoribus
447 2689 608 2764 debentur,
635 2689 748 2754 Boethi
772 2708 837 2754 esse
862 2690 1034 2755 contendit.
1081 2693 1125 2755 At
1149 2691 1289 2773 quaestio

144 2797 212 2872 illa,
239 2813 317 2879 quae
341 2795 381 2859 ad
402 2796 495 2872 hune,
520 2813 598 2876 qnae
615 2793 758 2872 adalim,
783 2794 915 2860 fortasse
932 2794 1123 2860 Parrhaeum
1142 2797 1174 2860 et
1192 2794 1288 2878 Didy-

143 2923 234 2969 mum
250 2903 344 2987 ipsos,
369 2902 485 2968 autad
512 2903 738 2985 Diogenianum
761 2901 1017 2986 lexicographum
1042 2899 1110 2989 (qui
1130 2902 1288 2966 breviores

145 3011 347 3094 potissimum
365 3009 587 3091 explicationes
604 3008 831 3091 suppeditavit)
854 3009 1018 3073 referenda
1034 3009 1107 3087 sint,
1132 3009 1288 3091 copiosam

145 3118 280 3199 requirit
315 3116 576 3196 disputationem
612 3115 710 3178 fusius
746 3134 819 3180 vero
852 3115 889 3179 de
913 3116 1086 3196 proverbiis
1119 3116 1287 3179 Platonicis

146 3225 299 3289 disserere
333 3223 426 3287 vetiti
460 3240 580 3299 sumus,
616 3224 756 3304 quamvis
788 3222 864 3285 haec
899 3221 1090 3304 dignasint,
1116 3220 1289 3302 dequibus

147 3331 273 3395 uberius
297 3330 329 3393 et
352 3329 528 3394 accuratius
552 3331 665 3412 agatur
689 3328 809 3392 ratione
834 3328 942 3393 habita
966 3346 1088 3403 eorum,
1126 3345 1203 3409 quae
1226 3346 1287 3391 non

148 3437 249 3502 solum
281 3435 363 3518 apud
393 3435 540 3500 Photium
572 3434 710 3517 aliosque
743 3433 799 3498 sed
832 3435 926 3498 etiam
956 3433 1034 3515 apud
1060 3433 1286 3516 Hesychium

150 3545 267 3609 extant.

149 3722 361 3731 ---

238 3846 258 3915 ¹)
279 3845 377 3900 Confer
396 3844 468 3914 apud
487 3844 582 3900 Zenob.
603 3845 641 3898 VI
661 3843 696 3897 23
716 3845 797 3898 etiarn
817 3843 895 3897 Bodl.
916 3847 943 3898 et
961 3843 1050 3897 Vatia.
1073 3843 1131 3898 cod.
1152 3843 1188 3896 M.
1204 3845 1238 3909 8.,
1259 3846 1287 3896 et

150 3933 249 3990 Milleri
268 3934 364 3991 Zenob.
385 3931 513 4003 (Malang.
532 3952 557 4004 p.
577 3933 628 3986 366
649 3931 713 4000 odi).
