3020 4688
670 279 885 342 -58-

214 473 310 538 fuisse
338 472 460 537 videtur
474 471 506 555 ¹).
534 507 572 518 —
598 471 724 536 Necnon
748 472 935 536 christianae
964 471 1039 535 fidei
1066 471 1202 555 vestigia
1228 473 1350 536 iuveni-

213 583 309 644 untur
333 581 427 643 etiam
450 581 484 642 in
507 579 613 662 glossa
635 578 673 641 de
690 577 817 660 Sibyllis
841 579 893 660 (ad
910 578 1041 642 Phaedr.
1061 580 1125 642 244
1141 579 1179 644 Β.
1195 599 1225 660 p.
1240 581 1305 644 269
1319 581 1351 643 H

217 716 254 738 =
270 689 335 752 315
348 683 399 771 Β),
417 704 510 768 quarn
525 685 683 768 Hesyebio
698 684 923 749 restituendam
937 705 1002 749 esse
1015 687 1163 766 suspicor.
1181 684 1352 749 Simillima

215 795 297 856 enirn
314 794 419 876 glossa
435 791 517 874 apud
532 791 660 857 Suidam
676 795 773 857 extat.
799 792 944 856 Dubitari
961 791 1087 873 quidem
1103 795 1218 874 potest,
1242 799 1351 858 utrum

185 900 265 963 ·hio
293 899 410 975 omnia,
441 917 519 982 qnae
548 898 585 962 de
610 897 737 982 Sibyllis
762 899 866 974 affert,
896 900 949 962 uni
973 899 1129 981 Hesychio
1152 900 1282 979 debeat,
1311 920 1351 964 an

215 1024 253 1068 ea
274 1009 397 1070 tantum
424 1023 460 1069 en
483 1006 575 1069 huius
599 1024 691 1088 opere
714 1007 897 1087 sumpserit,
927 1025 1005 1088 quae
1030 1007 1125 1070 etiam
1149 1005 1287 1070 Eudooia
1312 1006 1351 1071 de

214 1113 335 1192 septem
358 1112 484 1196 Sibyllis
507 1133 537 1194 p.
562 1114 627 1176 383
651 1114 786 1190 exhibet,
815 1116 918 1176 cetera
941 1116 1048 1176 autem
1071 1113 1112 1176 ab
1136 1112 1197 1177 alio
1222 1115 1351 1178 auctore

215 1221 376 1283 mutuatus
392 1221 434 1283 sit
449 1218 549 1302 (Suid.
564 1219 644 1284 edid.
658 1221 772 1284 Bernh.
785 1239 815 1300 p.
831 1221 906 1298 740,
924 1221 963 1282 13
980 1218 1069 1301 seq).
1095 1217 1129 1283 Si
1152 1219 1352 1284 concedimus

215 1342 261 1400 ea,
286 1344 363 1407 quae
380 1325 490 1390 Suidas
506 1326 605 1391 fusius
621 1327 666 1410 (p.
682 1329 756 1402 740,
776 1327 924 1390 13-741
946 1323 1001 1411 11)
1022 1326 1161 1407 disputat
1176 1326 1214 1390 de
1231 1311 1353 1408 Sibylla

216 1430 370 1496 Chaldaea
400 1434 440 1497 ab
462 1433 599 1498 Eudocia
621 1434 814 1515 perbreviter
837 1433 961 1496 tantum
984 1434 1172 1508 memorata,
1204 1451 1241 1495 ex
1266 1431 1351 1497 Ono·

215 1538 373 1622 matologo
398 1540 462 1622 (uel
484 1541 633 1623 epitome)
656 1542 845 1617 messuisse,
881 1557 918 1602 er
941 1540 998 1602 hoc
1029 1539 1170 1602 hausisse
1203 1538 1352 1602 credatur

217 1664 343 1710 necesse
375 1649 424 1710 est
453 1649 549 1712 etiarn
579 1649 762 1730 Anonymus
794 1648 826 1710 in
857 1647 1003 1710 Krameri
1026 1646 1145 1711 Anecd.
1171 1643 1225 1709 Gr.
1250 1645 1351 1709 Paris.

216 1752 289 1832 (vol.
307 1753 330 1819 l.
348 1774 378 1835 p.
395 1755 596 1838 332-334),
622 1757 674 1836 qui
690 1754 807 1818 eisdem
830 1754 895 1818 fere
918 1754 1021 1817 verbis
1038 1754 1076 1818 dc
1093 1752 1249 1818 Chaldaea
1273 1753 1352 1835 agit.

215 1858 291 1922 011]
321 1880 395 1925 vero
422 1862 474 1924 hic
503 1862 541 1925 de
571 1862 714 1925 omnibus
743 1861 849 1925 decem
874 1860 1000 1943 Sibyllis
1029 1860 1138 1924 eadem
1166 1858 1232 1922 fere
1255 1862 1352 1940 atque

216 1963 327 2029 Suidas
354 1970 386 2031 et
409 1968 576 2033 scholiasta
599 1969 738 2032 Platonis
766 1970 800 2031 et
821 1986 993 2050 anonymus
1016 1967 1174 2050 praefatur
1198 1966 1351 2031 oraculor.

218 2070 395 2156 Sibyllinor.
431 2073 526 2161 (edid.
555 2074 729 2138 alexandre
757 2075 855 2139 Paris.
883 2076 982 2152 1869,
1014 2094 1045 2155 p.
1073 2075 1126 2158 10)
1160 2075 1286 2136 enarret
1321 2076 1353 2136 et

217 2179 346 2243 meliore
370 2180 476 2245 ordine
500 2201 594 2264 quam
617 2181 727 2245 Suidas
751 2184 885 2263 exponat
908 2180 958 2267 (ut
980 2184 1064 2245 recte
1080 2181 1196 2244 Bernh.
1221 2179 1354 2243 adnotat

155 2312 160 2319 ·
217 2286 256 2348 ad
271 2285 392 2350 lexicon
407 2308 438 2369 p.
457 2291 531 2365 740,
552 2289 624 2371 13);
648 2308 709 2353 uon
732 2289 831 2353 solum
855 2289 910 2352 ille
933 2290 999 2370 ipse
1023 2288 1195 2352 sedetiam
1220 2283 1352 2369 ceteri2)

216 2393 410 2476 Hesychium
432 2396 638 2476 probabiliter
661 2397 760 2460 secuti
784 2398 866 2460 sunt.
890 2396 1000 2477 Itaque
1023 2415 1084 2459 non
1106 2394 1204 2476 probo
1229 2395 1351 2475 opinio·

214 2518 287 2562 nem
316 2521 407 2582 quam
434 2502 609 2566 Alexandro
637 2503 676 2566 ad
705 2502 808 2566 locum
837 2503 889 2567 cit.
914 2501 1024 2565 affert:
1058 2519 1157 2583 paene
1184 2502 1289 2564 omnia
1314 2500 1351 2562 de

288 2750 307 2817 ¹)
327 2751 371 2804 Sic
390 2752 561 2813 Nietnscbius
579 2753 607 2805 in
619 2753 687 2806 blus.
705 2749 911 2808 1111111122,
927 2769 953 2820 p.
968 2751 1018 2804 189
1038 2754 1066 2804 et
1078 2750 1204 2804 Lehrsius
1222 2748 1353 2816 (Pindar-

214 2838 296 2895 schol
315 2858 341 2909 p.
362 2840 530 2895 16311164
549 2864 582 2886 =
601 2844 668 2895 blus
687 2842 772 2894 Rhen.
791 2841 843 2894 vol.
864 2840 904 2892 17.
925 2857 951 2908 p.
970 2841 1022 2892 457
1041 2841 1123 2908 seq.);
1142 2839 1270 2892 Flachius
1289 2855 1352 2892 vero

214 2929 233 2982 l.
247 2945 268 2984 e.
281 2946 307 2997 p.
320 2930 362 2984 73.
375 2934 431 2984 not
445 2930 462 2982 2
475 2935 503 2985 et
514 2929 677 3000 Hesychium
695 2935 724 2985 et
742 2931 946 3000 epitomatorem
966 2929 1142 2982 christianum
1161 2929 1244 2981 fuisse
1263 2932 1352 2997 putat.

216 3047 248 3054 -
269 3017 342 3083 Quae
359 3019 440 3074 hodie
458 3019 580 3074 feruntur
598 3020 751 3090 fragmenta
768 3019 910 3088 Hesychii‚
936 3035 968 3072 ea
989 3018 1138 3072 subditicio
1156 3034 1212 3071 esse
1230 3022 1353 3086 tempore

214 3107 353 3161 literarum
380 3112 533 3162 renatorum
561 3127 594 3163 ex
618 3109 702 3164 Suida
723 3110 838 3178 aliisque
862 3112 988 3177 excerpta
1012 3108 1095 3162 evicit
1117 3108 1246 3162 Lehrsius
1272 3108 1350 3170 (1111.

214 3197 298 3251 Rben.
316 3198 369 3251 rol.
390 3199 431 3250 17.
454 3215 481 3270 p.
500 3199 553 3250 454
571 3215 626 3267 seq.
647 3219 680 3242 =
700 3197 803 3251 Pindar
821 3198 904 3251 schol.
923 3216 949 3267 p.
971 3197 1021 3251 160
1039 3197 1108 3266 aeq.)
1132 3197 1247 3266 aliisque
1267 3199 1351 3252 etiam

214 3287 281 3339 riris
298 3287 386 3340 doctis
404 3289 566 3341 sententiam
584 3303 659 3342 suam
678 3287 813 3357 probarit,
832 3287 907 3342 velut
926 3287 1081 3342 h'ietrsobio
1101 3290 1129 3339 et
1147 3285 1269 3341 Flachio.

286 3394 308 3462 ¹)
327 3395 426 3448 Mirum
444 3399 494 3460 est,
514 3395 585 3464 quod
603 3395 718 3448 Photius
735 3398 850 3463 (quaest.
869 3395 1038 3464 Amphiloch.
1053 3393 1103 3446 160
1122 3410 1164 3463 ap.
1177 3393 1350 3448 Montfaucon

215 3480 346 3540 Biblioth
360 3483 470 3538 coislin.
489 3501 515 3553 p.
528 3484 580 3536 347
599 3485 667 3552 seq.)
686 3484 752 3538 adeo
771 3501 830 3537 eum
849 3484 952 3538 scholio
971 3483 1042 3552 quod
1060 3483 1162 3552 legitur
1180 3484 1209 3534 in
1227 3481 1351 3536 Platonis

215 3571 306 3626 codice
324 3574 427 3628 Veneto
447 3573 575 3639 (Schauzr
595 3573 650 3626 Der
666 3573 805 3627 Platocod.
829 3573 859 3641 d,
874 3573 1045 3626 blare-Bibl.
1062 3573 1154 3642 beipz.
1168 3571 1245 3637 1877,
1264 3589 1291 3640 p.
1307 3571 1350 3638 18)

215 3663 366 3732 conspirat,
389 3668 420 3717 ut
442 3664 490 3718 ille
513 3664 660 3733 inspexisse
678 3663 802 3718 rideatur
826 3664 924 3718 librum
945 3665 981 3720 bl.
1001 3666 1028 3718 S.
1049 3663 1152 3716 Veneto
1173 3661 1348 3714 simillimum.

215 3754 334 3821 uterque
351 3770 490 3823 perperam
508 3754 592 3807 refert
603 3752 696 3807 rerba:
715 3752 776 3818 περὶ
793 3743 827 3819 ἧς
840 3750 958 3820 ἔγραψεν
975 3749 1187 3817 Ἐρατοσθένης,
1205 3749 1349 3804 scholiasta

215 3842 250 3896 ad
268 3847 404 3911 quartam,
428 3842 463 3895 ad
488 3844 610 3912 quintam
627 3843 757 3906 Photius;
786 3845 886 3896 rectius
909 3843 943 3896 ad
961 3849 1067 3897 sextam
1085 3859 1119 3896 11
1136 3840 1248 3895 exhibet
1266 3841 1349 3894 Varro

214 3932 297 4002 (apud
325 3932 450 3989 Laetant.
476 3929 569 3988 Instit.
593 3932 655 3985 Dis.
677 3930 700 3984 I.
728 3947 785 4000 cap.
811 3930 854 3998 6);
874 3931 934 3986 ride
958 3931 1127 4001 Bernhardyi
1144 3929 1349 3984 Eratostheniea

216 4021 316 4090 (Berol
337 4019 416 4089 lsaa)
434 4038 461 4090 p.
480 4020 523 4077 86.
