3020 4688
658 308 851 371 ..9-

186 519 256 564 oum
279 501 381 582 priore
404 469 493 582 parte
517 498 639 584 glossae
664 501 750 564 251)
773 502 870 564 τοῦτο
893 499 948 564 κατ’
971 499 1014 583 (p.
1032 502 1096 565 369
1112 500 1142 564 Η
1158 529 1195 553 =
1212 499 1319 564 428Β

185 606 269 691 init.)
286 607 497 689 componenda
513 612 586 670 sunt
602 608 695 672 verba
710 608 814 672 Procli
829 627 859 690 p.
875 610 916 673 58
928 608 973 672 B:
997 602 1102 670 καὶτὸ
1118 601 1222 689 πηλὸν
1237 599 1321 670 εἶναι

185 711 222 777 έν
243 715 282 798 τῇ
299 711 358 792 έξω
380 709 530 798 θαλάσσῃ
553 709 632 797 μετὰ
653 709 690 778 τὸ
714 709 849 797 στόμιον
872 707 891 778 ὁ
914 708 1012 788 αὐτὸς
1036 709 1191 796 ἱστόρησε,
1215 711 1267 776 καὶ
1282 708 1319 776 τὸ

185 815 349 904 τεναγώδη
364 816 422 885 τὸν
438 816 540 885 τόπον
556 819 679 886 ἐκεῖνον
694 815 861 905 ὑπάρχειν.
878 821 934 885 sub
948 840 976 887 v.
991 814 1008 883 ὁ
1022 815 1120 894 αὐτός
1131 818 1320 884 Aristoteles

186 925 278 1012 (conf.
300 929 406 992 tamen
426 946 482 993 nos
504 928 585 992 infra
607 947 637 1010 p.
661 930 703 992 35
727 930 791 993 not.
820 930 851 1013 1)
870 926 1095 1010 intelligendus
1121 929 1178 991 est.
1204 925 1265 990 Hic
1289 927 1321 989 et

185 1028 346 1116 ἦὶοτορλα
363 1035 433 1097 ante
450 1035 741 1113 commemorantur,
766 1053 897 1116 quorum
919 1033 987 1099 loco
1011 1029 1089 1108 τούς
1112 1033 1322 1115 ἱστοροῦντας

186 1140 354 1204 scholiasta
372 1140 515 1204 auctores
535 1159 607 1204 suos
622 1141 771 1223 appellat.
795 1143 913 1205 Abour
933 1141 1082 1206 vocabula
1105 1137 1266 1222 τέναγος
1289 1143 1321 1204 et

186 1240 421 1329 τεναγώδης,
439 1264 517 1328 quac
530 1247 611 1329 apud
623 1248 787 1319 Platonem
803 1266 983 1330 nusquam
994 1247 1152 1330 leguntur,
1167 1245 1321 1328 explicat?

186 1354 316 1418 Proolus
332 1371 443 1435 nempe
461 1371 496 1416 ea
511 1353 672 1430 adhibuit3
697 1355 741 1419 ihi
764 1333 838 1438 ergo
855 1353 994 1419 scholion
1013 1356 1100 1434 extat
1115 1353 1154 1418 ad
1172 1353 1320 1430 scholion,

187 1479 317 1544 quorum
346 1461 478 1525 alterurn
503 1461 696 1546 Diogeniano
727 1463 795 1546 (aut
817 1462 990 1546 Hesychio,
1023 1457 1118 1543 quern*
1144 1459 1213 1523 vide
1242 1479 1267 1524 s.
1291 1478 1320 1525 u.

187 1565 330 1650 τέναγος,
355 1567 430 1632 item
452 1567 545 1635 Phot.
573 1569 620 1651 [et
642 1567 744 1651 Suid.]
770 1587 796 1635 s.
820 1569 886 1636 ead.
911 1566 956 1654 v.)
982 1568 1122 1633 debetur.
1149 1566 1217 1649 (cfr.
1242 1565 1322 1630 infra

187 1692 253 1756 cap.
280 1673 331 1740 Vl.
357 1675 486 1738 extrem.
511 1673 548 1737 do
571 1692 646 1739 voce
673 1671 842 1758 pacarit).

276 1781 362 1844 Haec
384 1781 433 1844 est
453 1780 589 1843 ultima
604 1779 708 1863 glossa
725 1779 778 1867 (ad
795 1781 874 1848 Tim.
889 1781 969 1847 Plal.
987 1801 1017 1863 p.
1035 1781 1077 1846 25
1091 1781 1130 1860 D)
1156 1779 1321 1845 eProolo

186 1889 357 1970 recepta3
389 1887 475 1950 ouius
500 1890 756 1968 commentarius,
786 1890 925 1969 quamvis
948 1887 987 1952 ad
1010 1907 1081 1970 pag.
1107 1888 1149 1951 44
1173 1887 1201 1950 D
1225 1904 1322 1968 usque

188 1993 345 2076 dialogum
374 1993 532 2075 explanet,
564 1993 670 2057 tamen
699 2012 760 2059 non
787 1994 920 2077 amplius
948 1994 1107 2058 adhibitus
1135 1995 1191 2061 est.
1239 1992 1322 2057 Nam

187 2102 318 2184 glossae,
343 2119 421 2183 quac
438 2099 587 2182 sequitur,
605 2102 713 2165 auctor
728 2101 872 2165 laudatur
888 2101 1118 2186 Simplicius,
1142 2098 1323 2164 Aristotelis

187 2209 352 2290 interpres,
384 2209 416 2271 in
440 2208 526 2272 cuius
551 2208 780 2272 commentariis
803 2225 821 2271 a
845 2225 877 2271 so
901 2207 1080 2289 compositis
1107 2206 1160 2270 ille
1188 2205 1225 2270 de
1249 2224 1323 2270 voce

188 2311 359 2397 ἰλλομένην
381 2314 431 2378 uel
455 2309 621 2395 εἰλομένην
644 2312 825 2378 disseruisse
849 2313 982 2379 ridetur.
1016 2313 1094 2379 (lum
1117 2315 1224 2378 autern
1246 2312 1323 2376 locis

188 2421 398 2503 compluribus
418 2420 457 2485 ab
474 2419 695 2502 Olympiodoro
719 2419 850 2503 aliisque
871 2420 976 2485 allatis
999 2420 1083 2503 (vide
1102 2421 1221 2485 Fabrio.
1237 2418 1321 2486 Bibl.

189 2526 243 2594 Gr.
254 2527 313 2594 vol.
326 2529 355 2594 9.
363 2547 394 2609 p,
404 2527 479 2592 418.
492 2526 578 2591 Edit.
591 2529 691 2609 quart.
702 2556 740 2579 =
750 2525 823 2592 hbr.
830 2525 868 2594 V.
879 2544 945 2608 cap.
960 2531 1011 2605 21,
1025 2528 1081 2592 Nr.
1095 2529 1147 2608 14)
1161 2526 1322 2609 probabile

188 2635 253 2715 fiat,
278 2633 317 2697 ad
333 2635 510 2698 universum
527 2633 686 2716 dialogum
705 2632 848 2697 aProolo
866 2635 1123 2698 commentarium
1147 2634 1323 2699 confectum

188 2740 293 2820 luisse,
318 2741 375 2804 hoo
391 2759 453 2804 non
467 2741 591 2824 integro
607 2739 807 2804 scholiastam
830 2759 920 2804 usum
937 2759 1003 2805 esse
1021 2742 1169 2823 suspicor.
1194 2740 1322 2806 Glossae
1391 2738 1393 2742 ’

190 2866 263 2913 vero
283 2847 439 2912 Diadocho
464 2865 589 2930 prorsus
613 2847 836 2912 abiudicandac
861 2849 934 2912 sunt
956 2849 1067 2913 haece:
1093 2850 1134 2913 25
1161 2849 1186 2912 D
1210 2841 1321 2928 κάρτα,

190 2957 231 3020 52
255 2955 280 3019 Il
303 2949 486 3033 πλοκάνων,
513 2956 554 3018 84
578 2954 604 3017 Β
629 2949 863 3037 σφακελτσμός,
890 2956 931 3019 76
956 2958 983 3018 A
1007 2951 1120 3037 λέμμα,
1144 2972 1222 3037 quac
1246 2972 1323 3036 quo·

189 3062 273 3125 niam
286 3079 354 3125 oum
367 3062 536 3144 Hesychio,
549 3060 663 3125 Photio
674 3059 793 3143 (Suida,
806 3061 904 3126 lexico
917 3060 1111 3125 Bachmanni
1122 3091 1159 3115 =
1170 3060 1320 3125 Anecdot.

188 3168 317 3234 Baohm.
341 3168 401 3235 vol.
427 3165 467 3254 Ι.)
492 3168 569 3232 satis
595 3169 781 3251 congruunt,
807 3185 912 3233 omnes
936 3169 1067 3232 fortasse
1091 3169 1322 3251 Diogenianeae

189 3276 279 3353 sunt;
304 3276 344 3339 81
362 3275 388 3338 Β
405 3269 553 3358 δρυόχων
574 3277 606 3338 et
624 3269 766 3358 εὐρῶτος
789 3277 863 3339 sunt
885 3275 1005 3339 Timaei
1028 3275 1208 3356 Sophistae3
1232 3291 1322 3356 prae-

187 3385 275 3446 terea
297 3381 463 3445 nonnullae
477 3381 667 3463 Apollodoro
690 3381 860 3459 debentur3
885 3400 962 3464 quae
978 3383 1108 3460 restant,
1132 3399 1185 3445 eas
1208 3381 1323 3446 scholi·

189 3490 258 3553 asta
281 3507 299 3552 a
322 3489 433 3553 Proclo
457 3490 617 3553 mutuatus
641 3487 740 3578 τελλ).1

263 3755 285 3826 ¹)
309 3741 430 3810 Iudicem
458 3756 575 3811 locorum
599 3757 696 3826 quibus
714 3757 825 3811 Proolus
850 3755 942 3810 eadem
966 3757 1046 3824 atque
1071 3755 1219 3810 scholiasta
1237 3753 1324 3808 tradit

189 3841 317 3899 adiciam:

332 3951 509 4021 Hypothesis:
527 3951 589 4006 vide
606 3950 693 4008 Prool.
713 3968 807 4007 comm.
825 3950 842 4004 3
861 3951 893 4004 D.
913 3951 944 4005 E.

332 4039 452 4096 scholion
472 4039 503 4094 17
523 4037 547 4094 B
565 4045 699 4111 sumptum
719 4057 751 4096 ex
786 4041 803 4095 8
822 4040 853 4099 F.
