3042 4680
626 219 865 282 -101-

172 417 239 480 453
257 416 314 502 Β);
339 411 493 495 ἄτιμος
516 411 594 478 Bklr.
615 412 688 489 198,
707 411 909 479 2631331131.
927 412 1002 475 ibid.
1021 415 1084 478 855
1103 411 1126 476 (1
1143 411 1186 495 (p.
1203 414 1268 476 383
1282 413 1313 476 H

175 552 214 576 =
241 522 307 586 454
331 519 381 605 Β).
430 519 551 584 Similia
582 518 732 602 leguntur
763 517 843 584 Bhlr.
873 519 947 598 291,
974 520 1082 584 4-14
1106 519 1312 586 3113331331.

171 629 213 693 ad
237 628 313 712 Leg.
340 625 443 691 9530
470 624 552 711 (pag.
577 626 641 690 389
666 625 695 688 Η
723 654 760 678 =
788 620 1314 710 459Β)3133.Ρ1131.133333

172 729 402 819 πρυτάνεις,
427 735 480 816 qui
504 751 610 797 omnes
628 731 757 796 eundem
777 732 973 795 3333113331.
1003 732 1038 794 ln
1056 732 1163 813 quinto
1180 731 1314 796 Beklreri

171 842 273 906 lexico
309 840 480 904 Pausaniae
515 839 636 922 glossas
670 838 772 903 inesse
807 837 999 902 contendunt
1034 841 1066 903 et
1100 839 1312 904 demonstrare

172 949 327 1012 conantur
362 945 405 1012 M.
430 945 663 1010 Schmidtius
700 945 807 1028 (Jahn.
832 945 944 1012 Annal.
971 945 1031 1011 vol.
1057 948 1096 1011 71
1122 966 1151 1028 p.
1179 946 1256 1031 779)
1283 946 1315 1009 ct

173 1053 347 1118 Naberus
372 1051 503 1136 (proleg.
529 1073 558 1134 p.
587 1053 668 1129 182;
692 1051 730 1118 of.
756 1051 797 1119 M.
814 1053 854 1115 H.
872 1052 907 1119 Ε.
925 1053 1025 1116 113133
1048 1071 1151 1134 opusc.
1169 1053 1254 1118 acad.
1273 1051 1312 1117 11.

175 1162 241 1224 116
265 1159 362 1245 seq.);
388 1160 581 1244 Boysenus
604 1161 710 1223 autem
735 1160 869 1241 (quaest.
887 1159 984 1241 Harp.
1002 1178 1032 1241 p.
1051 1160 1093 1223 47
1110 1177 1175 1239 sq.;
1200 1161 1240 1222 53
1254 1157 1315 1238 sq.)

172 1266 382 1350 probabiliter
406 1266 543 1331 ostendit
558 1265 701 1348 Dionysii
725 1266 945 1347 explicationes
968 1267 999 1332 in
1018 1265 1097 1329 hanc
1121 1258 1315 1347 συναγωγήν

172 1372 359 1449 1333311333;
383 1391 442 1455 qua
466 1392 499 1436 re
523 1372 591 1436 fieri
615 1372 732 1454 nequit,
759 1373 794 1434 ut
816 1372 976 1436 auctorem
1007 1373 1199 1455 singularum
1231 1370 1315 1454 glos-

174 1498 282 1546 sarum
315 1480 398 1562 apud
430 1477 608 1543 Belrlrerum
643 1478 817 1542 extantium
852 1479 929 1542 satis
960 1481 1045 1542 33313
1082 1496 1313 1562 cognoscamus,

177 1587 304 1651 etiamsi
333 1585 370 1649 de
402 1584 586 1669 quibusdam
623 1584 735 1668 glossis
768 1602 839 1648 oum
871 1584 1093 1649 Atticistarnm
1132 1584 1315 1666 fragmentis

176 1693 300 1758 33113113
331 1692 478 1755 nimirum
510 1692 594 1754 33313
626 1689 762 1755 13113333
795 1692 959 1772 possimus.
1006 1693 1071 1755 Hos
1102 1693 1209 1755 autern
1231 1692 1315 1772 ipsos

176 1800 310 1865 Photius
342 1800 476 1882 inspexit
508 1799 645 1883 (illorum
676 1799 775 1863 lexioa
807 1797 891 1862 idern
916 1798 1010 1863 codex
1033 1797 1076 1862 M.
1101 1797 1131 1864 S.
1157 1798 1315 1862 continere

177 1907 328 1986 solebat),
360 1906 441 1971 unde
475 1906 649 1989 colligitur,
683 1924 737 1970 eur
768 1907 891 1987 saepius
914 1907 946 1970 in
970 1905 1082 1988 glossis
1112 1905 1217 1968 3113113
1241 1921 1315 1967 oon·

178 2014 285 2096 spiret.
309 2013 381 2079 Jam
406 2032 520 2097 magna
543 2013 599 2077 illa
623 2013 810 2077 scholiorum
836 2032 906 2077 cunr
930 2015 1037 2097 quinto
1061 2012 1159 2076 lexico
1183 2009 1317 2074 Belxkeri

178 2120 393 2185 convenientia
414 2139 469 2184 333
493 2119 639 2202 impedit,
669 2121 832 2203 quominus
856 2120 893 2184 de
917 2121 1036 2184 Boetho
1059 2123 1207 2201 tauquam
1232 2116 1316 2180 fonte

179 2227 419 2308 explicationum
450 2228 477 2290 31
507 2245 567 2290 333
603 2227 755 2305 omnium,
791 2228 897 2290 tamen
932 2226 1102 2290 multarum
1133 2225 1316 2308 cogitemus.

178 2334 250 2400 Jarn
282 2351 388 2414 supra
407 2334 450 2415 (p.
475 2334 532 2418 95)
564 2335 745 2416 γεννῆται
780 2333 902 2416 glossae
934 2334 1055 2414 partem
1087 2333 1276 2414 postremam
1302 2348 1317 2392 e

182 2439 330 2524 Dionysio
355 2441 422 2522 ipso
448 2443 606 2521 sumptam
623 2459 690 2504 esse
707 2440 848 2505 diximus.
880 2440 924 2503 De
948 2458 1022 2504 3333
1048 2434 1231 2523 ἐξηγητής
1255 2437 1318 2501 dis·

180 2547 308 2628 putatur
331 2547 363 2608 in
386 2546 445 2613 lex.
468 2544 546 2612 Bklx.
570 2548 644 2624 252,
667 2548 686 2610 4
710 2546 793 2610 13133
816 2547 1049 2627 explanationes
1074 2546 1151 2610 satis
1175 2544 1319 2608 33333313

181 2672 217 2716 ex
237 2652 402 2717 literarum
435 2651 540 2716 ordine
574 2651 712 2735 digestas
735 2650 829 2734 (quod
854 2653 960 2736 magni
984 2651 1133 2716 momenti
1157 2652 1215 2728 331,
1240 2667 1317 2731 quo-

180 2759 264 2824 niam
289 2777 395 2823 omnes
419 2757 520 2822 eidem
544 2760 665 2823 3331331
687 2758 794 2823 deberi
818 2758 994 2822 verosimile
1016 2761 1094 2844 est);
1118 2757 1222 2839 paullo
1245 2774 1318 2820 3333

181 2869 251 2947 3331
270 2866 361 2929 illam
384 2865 447 2930 3113
471 2867 565 2944 extat,
591 2860 734 2947 ἐξούλης,
759 2884 851 2949 quam
868 2885 939 2929 curn
955 2865 1139 2930 Eustathius
1157 2863 1209 2947 (ad
1226 2863 1318 2929 Hom.

185 2973 280 3052 1769,
299 2974 355 3055 33)
381 2972 548 3036 secundum
565 2973 752 3036 Pausaniam
767 2969 789 3058 ¹)
806 2972 951 3036 similiter
967 2972 1198 3053 interpretetur,
1225 2969 1321 3033 etiam

180 3078 267 3143 illam
299 3075 451 3163 ἐξηγητής
476 3078 544 3162 (cfr.
571 3078 665 3145 schol.
691 3080 843 3162 Muthphr.
869 3078 929 3144 40
952 3099 982 3163 p.
1008 3082 1073 3143 224
1092 3075 1137 3163 Η)
1174 3077 1320 3140 adhunc

183 3186 367 3249 Atticistam
391 3185 506 3250 referre
530 3186 614 3252 11331.
640 3223 682 3231 -—
707 3186 743 3249 ln
767 3187 894 3250 vocibus
919 3183 1073 3250 ἕνδεκα
1097 3187 1129 3248 31
1153 3180 1171 3247 ἕ
1177 3206 1224 3265 νη
1252 3181 1319 3246 καὶ

181 3288 254 3356 νέα
279 3290 415 3355 Bclrkeri
438 3292 676 3376 lexicographus
692 3292 932 3358 alterumutrum
945 3292 1127 3356 Atticistam
1147 3290 1320 3371 usurpavit,

182 3416 256 3461 narn
279 3398 391 3480 inpilla
415 3416 486 3462 cum
510 3398 594 3462 13313
617 3399 776 3462 Mustathii
799 3398 911 3482 (1595,
936 3399 993 3480 41)
1018 3397 1178 3473 33333311;
1201 3415 1322 3461 necnon

182 3499 393 3586 3113333113
417 3501 470 3567 καὶ
493 3500 551 3568 νέα
575 3522 635 3585 qua
658 3505 797 3570 scholion
825 3505 925 3568 multo
952 3503 1074 3585 plenius
1103 3504 1151 3567 est
1181 3503 1221 3567 ad
1244 3505 1319 3586 Leg.

184 3610 247 3674 849
272 3610 298 3673 B
323 3616 364 3692 (p.
391 3610 455 3674 382
479 3609 510 3673 Η
537 3639 573 3662 =
602 3609 704 3689 45314
726 3610 766 3695 Β)
790 3610 931 3675 indidem
954 3610 1094 3674 hausisse
1117 3610 1322 3693 probabiliter

276 3855 477 3924 1)Ε3313111.1.
498 3874 519 3912 3.
539 3853 650 3925 ἐξούλης
675 3856 743 3924 φησὶ
770 3857 954 3925 (Παυσανίας)
982 3858 1046 3924 δίκη
1069 3851 1086 3924 ἡ
1107 3858 1154 3924 τῆς
1177 3853 1301 3922 ἐξείρξεαν,

182 3939 316 4011 ἕτεραδὲ
336 3943 385 4010 τὴν
404 3943 593 4012 πανώλεθρον,
614 3945 661 4000 cfr.
684 3945 761 4010 1533,
782 3945 831 4010 633
850 3945 912 4010 945,
932 3946 964 4009 33
983 3946 1065 4015 Harp.
1086 3963 1105 4000 s.
1121 3963 1144 4000 ν.

1271 4139 1301 4151 ..Η

1215 4155 1261 4175 A-fl'·
