3020 4688
655 319 871 382 ..29-

191 512 294 596 458s9
318 515 357 589 B)
385 515 417 579 ct
439 512 478 577 ad
501 512 655 579 Alcibiad.
679 533 724 596 pr.
750 514 783 578 iu
808 513 909 578 Procli
932 509 1154 577 commentario
1179 509 1223 591 (p.
1249 509 1322 574 217.

192 621 275 688 ludit.
293 620 414 704 Crono.)
438 620 549 685 similis
574 622 716 698 occurrit,
742 639 802 702 qua
816 639 849 684 re
867 638 935 684 eam
951 636 1119 700 apponamt
1143 619 1188 704 τῷ
1211 612 1245 680 δέ
1261 611 1325 702 ὅλῳ

191 729 245 794 καὶ
272 727 368 795 παντὶ
396 724 563 810 διαφέρειν
590 723 627 791 τὸ
655 727 786 802 δικαίως
811 729 871 791 τοῦ
896 721 1014 800 ἀδίκως
1043 725 1226 806 παντελῆ
1249 718 1325 804 τὴν

192 832 275 919 πρὸς
304 813 466 918 dicitu
504 828 732 900 διάστασιν
766 829 874 899 αὐτῶν
909 824 1234 898 {tortuoso-adora
1263 825 1326 910 γὰρ

191 940 232 1008 τὰ
255 939 428 1025 πράγματα
454 944 499 1031 τῷ
528 938 592 1032 ὅλῳ
623 941 675 1007 καὶ
698 940 793 1006 παντὶ
817 937 982 1027 διῄρηται,
1013 941 1070 1021 τῆς
1095 934 1154 1020 μέν
1186 932 1327 1010 ένοέσεως

194 1045 303 1116 αὐτῶν
327 1045 408 1113 κατὰ
430 1044 467 1113 τδ
483 1045 561 1113 ὅλον
583 1043 813 1132 ὑφισταμένης,
837 1049 894 1132 τῆς
917 1045 952 1113 δέ
975 1045 1163 1128 διακρίσεως
1185 1039 1266 1106 κατὰ
1289 1036 1326 1106 τὰ

192 1153 343 1223 πᾶν·διδ
367 1154 419 1220 καὶ
446 1158 515 1220 τοῦ
542 1158 667 1221 ποσοῦ
694 1151 736 1220 τὸ
765 1154 834 1238 μέν
861 1150 1017 1237 συνεχές
1045 1147 1137 1215 ὅλον
1161 1148 1257 1228 ἐστι’,
1284 1142 1326 1212 τδ

193 1262 234 1331 δέ
249 1259 508 1344 διωρισμένον
522 1258 737 1338 eupropio
752 1259 873 1327 διἀιισιν
889 1251 950 1326 οὖν
961 1266 1030 1336 τοῖς
1041 1247 1115 1322 οὖσι
1130 1251 1327 1341 διαφορὰν

194 1364 434 1450 ἐνδεικνύμενοι
460 1370 525 1432 τῶν
556 1365 775 1451 προκειμένων
804 1363 908 1443 οὕτως
939 1365 1097 1432 εἰώθεσαν
1128 1361 1245 1445 λέγειν,
1278 1358 1327 1426 ὅτι

193 1473 257 1564 ὅλῳ
280 1474 333 1540 καὶ
357 1473 453 1539 παντὶ
474 1471 643 1557 διαφέρειν
656 1474 689 1558 ¹).

283 1583 326 1648 ut
349 1583 466 1659 autem,
491 1600 583 1664 quam
608 1581 714 1659 attuli,
740 1583 854 1664 opinio,
879 1581 1021 1646 etsiamsi
1043 1597 1103 1644 non
1127 1579 1218 1661 plone
1243 1576 1325 1641 evin·

193 1691 296 1766 catur,
321 1688 556 1753 verosimilibus
579 1693 686 1753 tamen
708 1687 777 1767 fiat,
803 1688 872 1752 aliis
897 1705 1017 1769 quoque
1040 1685 1233 1770 argumentis
1257 1684 1327 1746 utar

193 1795 359 1861 similibus.
397 1794 447 1860 Ad
472 1795 551 1859 Tim.
576 1795 703 1860 Procius
728 1814 758 1877 p.
786 1797 848 1861 178
872 1797 901 1858 Α
924 1793 1020 1876 (udin
1038 1792 1193 1876 Schneid)
1218 1807 1324 1854 rursus

194 1901 323 1967 adnotat
339 1901 545 1966 differentiam
562 1902 715 1984 quandam
732 1904 815 1967 inter
830 1902 969 1966 Platonis
986 1900 1158 1965 sententias
1175 1898 1212 1962 de
1225 1897 1327 1960 auimo

194 2010 226 2072 in
250 2009 378 2074 Timaeo
402 2011 434 2072 et
460 2011 493 2072 in
517 2008 654 2092 Legibus
678 2010 831 2091 prolutas:
856 2004 972 2093 χρόνος
996 1997 1057 2072 οὖν
1081 2003 1147 2089 ἅμα
1171 2002 1224 2069 καὶ
1247 1997 1328 2066 αἰὼν

193 2114 264 2198 περὶ
288 2111 409 2199 ψυχήν,
439 2109 483 2190 ὡς
506 2110 662 2198 ἀγένητον
685 2111 782 2192 αἰών,
812 2108 855 2190 οδς
877 2111 1034 2198 γεννητὴν
1057 2111 1194 2198 χρόνος·
1209 2107 1260 2176 διδ
1284 2111 1327 2192 πῆ

194 2215 326 2298 αἰώνιός
342 2220 428 2288 ἐστιν
444 2216 487 2298 cis
500 2218 697 2304 ἀνώλεθρος,
714 2217 846 2304 ἀλλὀὐχ
863 2217 973 2298 ἁπλῶς
988 2216 1129 2300 αἰώνιος,
1146 2213 1190 2294 nis
1205 2218 1328 2300 εἴρηται

195 2327 238 2394 έν
260 2332 296 2394 Ν
301 2325 441 2412 όμοις,
485 2355 487 2359 ’

285 2436 424 2509 Proclus,
448 2437 476 2501 si
499 2436 572 2518 quid
596 2436 633 2500 de
656 2436 765 2500 diebus
790 2436 877 2500 festis
901 2438 933 2502 et
955 2435 1048 2500 rebus
1071 2433 1203 2518 publicis
1227 2431 1327 2507 docet,

195 2542 360 2607 formulam
390 2536 442 2619 ιδς
470 2537 490 2626 ἡ
515 2544 684 2622 ἱστορία
707 2540 825 2625 λέγει
848 2527 995 2608 adbibere
1019 2543 1097 2607 solet
1108 2539 1143 2624 λ).
1189 2538 1325 2604 Eandem

194 2650 330 2734 legimus
353 2651 385 2715 iu
402 2649 593 2733 Theognidis
615 2651 681 2715 vitu
705 2649 799 2716 sobol.
819 2651 882 2714 630
899 2651 927 2714 Α
945 2658 987 2731 (p.
1007 2651 1071 2714 376
1089 2648 1118 2712 Η
1137 2677 1175 2700 ==
1194 2648 1260 2712 448
1277 2645 1326 2727 Β).

195 2755 294 2836 Quam
315 2757 342 2820 si
359 2756 466 2822 Proolo
489 2758 695 2834 restituimus,
718 2742 858 2841 glosssrn
881 2775 1010 2839 quoque.
1037 2773 1115 2838 quae
1139 2755 1176 2818 de
1194 2754 1326 2837 Tyrtaeo

195 2863 366 2941 antecedit,
391 2863 430 2929 ad
453 2882 524 2928 eum
547 2864 719 2930 referamus
742 2883 867 2929 necesse
891 2866 957 2940 est;
990 2863 1023 2928 id
1046 2862 1214 2946 quodiam
1237 2879 1327 2926 versu

195 2971 232 3035 do
248 2969 390 3034 Messene
406 2990 425 3035 a
440 2969 550 3035 Proolo
568 2974 599 3036 et
617 2969 837 3055 Olympiodoro
853 2971 924 3035 aliis
947 2971 1026 3035 locis
1049 2970 1144 3036 allato
1168 2971 1326 3053 probatur.

195 3078 335 3155 Accedit,
361 3076 442 3160 quod
466 3078 520 3142 ille
544 3080 577 3143 in
601 3081 765 3144 comment.
784 3078 823 3142 ud
839 3079 948 3161 Remp.
965 3077 1008 3160 de
1027 3078 1210 3154 differentia,
1236 3096 1326 3160 quum

194 3186 276 3250 inter
296 3185 423 3268 Tyrtaei
446 3187 478 3249 et
501 3185 693 3270 Theognidis
716 3188 817 3251 artem
841 3186 997 3270 poeticam
1023 3185 1113 3250 Plato
1136 3185 1168 3248 in
1191 3184 1328 3268 Legibus

209 3521 211 3526 ·
268 3504 287 3574 1)
312 3504 420 3559 Similis
438 3505 498 3560 vide
524 3505 607 3558 etiarn
633 3505 695 3574 apd.
714 3503 819 3574 Olymp.
839 3505 874 3558 ad
893 3505 1005 3559 eundern
1023 3504 1124 3574 dialog.
1142 3524 1167 3575 p.
1188 3505 1221 3560 85
1242 3507 1326 3576 (Edit.

196 3591 312 3661 Creur.);
332 3593 379 3648 cfr.
399 3593 482 3648 schol.
500 3593 553 3663 leg.
573 3592 625 3646 633
644 3595 667 3648 A
685 3589 702 3662 ἡ
722 3592 803 3662 ἀρετή
824 3596 861 3664 (p.
874 3594 926 3648 877
945 3595 971 3648 H
991 3617 1023 3640 =
1042 3593 1095 3648 450
1114 3593 1158 3664 Β),

267 3700 290 3769 ²)
309 3699 380 3754 Vide
402 3717 482 3770 supra
500 3717 527 3770 p.
546 3701 579 3768 9;
602 3701 701 3755 multos
724 3701 795 3756 locos
820 3703 899 3755 affert
925 3701 1184 3757 intricentur.
1209 3704 1261 3759 vol.
1280 3703 1327 3761 IX.

195 3805 221 3858 p.
240 3788 292 3842 430
311 3805 349 3859 sq.
369 3789 442 3844 Edit.
460 3785 508 3844 IV.
528 3806 561 3844 ex
580 3794 751 3844 commentar.
772 3791 805 3844 ad
825 3791 894 3846 Tim.
913 3791 1006 3860 Remp.
1030 3791 1123 3846 Theoi.
1143 3793 1229 3858 Plat.;
1259 3793 1327 3850 addo

195 3877 277 3931 etiam
296 3873 389 3933 ¹Procl.
412 3878 446 3932 ud
465 3878 554 3933 Parni.
580 3879 632 3934 vol.
651 3879 700 3934 IV.
719 3897 746 3949 p.
766 3879 807 3932 67.
836 3879 911 3934 Edit.
933 3878 1056 3946 cousin,
1082 3880 1128 3934 ubi
1152 3881 1184 3936 de
1204 3882 1328 3937 Platonis

194 3967 279 4036 stirpe
298 3965 463 4037 disputatum
484 3967 532 4027 cfr.
551 3968 617 4022 ibid.
632 3969 678 4025 IV.
698 3986 723 4038 p.
737 3969 771 4022 86
790 3969 866 4036 init.;
885 3969 946 4023 vide
966 3970 1048 4024 etiarn
1068 3970 1183 4024 indicem
1203 3972 1326 4041 scriptor.

195 4055 230 4109 ad
249 4055 338 4110 Procli
358 4057 386 4110 in
406 4057 474 4112 Tim.
494 4061 632 4113 oorurnent.
650 4043 723 4112 uuit.
744 4057 867 4114 Schneid.
886 4076 912 4128 p.
931 4058 1023 4129 sol-s.
1043 4077 1069 4114 r.
1088 4059 1210 4127 lotopr'u:
1227 4104 1250 4118 ..
