3020 4688
629 305 844 369 ..31-

169 494 335 560 stoicum
357 497 501 578 utputo,
526 497 580 578 qui
603 496 675 578 crept
691 495 829 581 φύσεως,
852 497 923 583 περὶ
948 497 1147 583 εἱμαρμένης,
1172 499 1303 565 fortasse

169 603 266 667 etiam
291 601 363 683 περὶ
386 606 491 687 ψυχῆς
506 604 638 686 scripsit
652 604 685 689 ¹).

259 708 330 774 Nou
355 708 556 787 scholiastae,
582 710 636 776 sed
659 711 874 779 commentarii
898 713 1017 778 auctori
1040 716 1130 778 notas
1155 713 1303 796 quasdam

168 815 373 894 reddiderim,
404 817 515 899 quihus
545 817 584 882 ad
608 817 685 883 alias
712 837 762 884 res
790 819 823 884 in
846 820 905 884 hoc
929 820 1085 901 expositas
1107 819 1303 903 relegamur:

169 925 202 988 in
226 923 344 988 scholio
364 921 429 989 915
446 923 473 988 Β
489 921 534 1009 (p.
550 925 615 989 386
628 925 659 988 Η
674 954 710 978 =
726 927 789 990 457
807 925 848 1008 Β)
863 925 902 990 ad
918 925 1105 1008 hypothesin
1123 921 1303 1010 extrem.²)‚·

170 1029 282 1095 deiude
303 1031 336 1095 in
358 1030 417 1095 hac
432 1031 500 1113 ipsa
522 1030 656 1115 legimns
679 1028 738 1116 τὴν
761 1031 789 1098 d’
814 1032 920 1096 αἰτίαν
943 1035 1003 1096 τοῦ
1025 1029 1184 1096 τοσούτου
1207 1025 1304 1114 αριθ-

169 1139 236 1219 μοῦ
258 1142 458 1220 γνωσόμεθα,
484 1155 561 1219 quae
585 1139 679 1204 verba
701 1139 906 1225 spectautad
931 1141 993 1204 745
1015 1136 1082 1222 0³),
1106 1138 1161 1202 ubi
1183 1138 1303 1201 nullum

171 1243 297 1325 quidem
321 1243 360 1308 ad
384 1243 526 1308 Platonis
540 1245 643 1326 -vcrba
666 1245 845 1328 explicanda
868 1245 1009 1310 scholion
1032 1248 1135 1310 extat:
1164 1244 1219 1310 sed
1242 1245 1304 1308 iam

171 1368 201 1431 p.
219 1350 271 1413 28.
297 1349 443 1414 Proclum
460 1349 497 1414 de
514 1349 663 1416 divisione
678 1352 779 1435 egisse
795 1352 1086 1417 demonstravimus.
1104 1388 1144 1397 —
1162 1351 1208 1415 De
1223 1351 1304 1425 aliis,

171 1473 250 1538 qnae
274 1456 350 1520 item
375 1459 435 1520 huc
457 1456 568 1522 referri
590 1460 720 1540 possunt
742 1461 775 1523 et
797 1478 833 1523 er
850 1460 976 1541 scriptis
995 1459 1095 1523 Procli
1115 1460 1147 1522 et
1162 1457 1304 1532 aliorum,

169 1565 270 1628 taceo.
290 1600 328 1609 —
352 1561 482 1628 Glossae
504 1583 586 1641 vero,
612 1566 723 1648 quihus
746 1565 869 1631 fabulae
889 1565 1078 1638 Graecorum
1101 1567 1156 1630 aut
1178 1566 1305 1630 institu-

170 1671 273 1735 tiones
292 1671 418 1736 Atticae
442 1675 624 1738 enarrantur
646 1675 785 1756 quaeque
809 1674 982 1756 permultae
1008 1675 1095 1752 sunt,
1120 1691 1180 1738 non
1197 1672 1306 1737 Proeto

172 1775 335 1842 debentur.
360 1777 406 1842 De
429 1778 493 1844 illis
517 1779 647 1862 aliisque
670 1783 778 1863 postea
801 1779 984 1846 videbimus.

438 1972 464 2025 9.
500 1973 547 2027 DE
567 1972 733 2030 SCHOLIIS
752 1975 801 2029 AD
821 1972 1037 2031 SOPHISTAM.

262 2113 391 2182 Praeter
417 2118 606 2200 hypothesin,
631 2118 708 2185 satis
737 2119 871 2202 amplam
895 2137 991 2183 unum
1019 2119 1142 2182 tantum
1165 2115 1305 2181 scholion

171 2221 330 2286 invenitur
357 2223 396 2287 ad
418 2224 621 2308 philosophos
652 2227 839 2308 interpretes
862 2224 1090 2291 referendum:
1127 2226 1192 2289 216
1216 2224 1245 2287 Α
1268 2218 1306 2287 τὸ

172 2323 232 2408 μέν
255 2328 299 2412 (p.
324 2331 388 2395 250
412 2331 444 2394 H
470 2361 507 2385 =
534 2333 595 2397 371
624 2333 671 2418 Β).
696 2335 800 2416 Atque
822 2333 878 2398 illa
902 2331 1029 2414 quidem
1052 2331 1125 2413 quin
1149 2349 1166 2395 e
1190 2329 1306 2396 scholis

174 2434 470 2517 Neoplatonicorum
492 2439 630 2517 fluxerit,
657 2439 785 2504 dubium
809 2458 876 2505 esse
899 2441 1021 2522 nequit,
1046 2439 1191 2521 qnoniam
1217 2438 1307 2504 Jam-

174 2541 270 2607 hlichi
294 2544 411 2609 mentio
435 2544 482 2611 fit.
521 2545 606 2611 Num
629 2565 702 2612 vero
726 2546 826 2612 eidem
850 2545 962 2612 Proclo
992 2543 1148 2610 reddenda
1180 2545 1244 2610 sint
1275 2547 1309 2608 et

173 2648 356 2732 hypothesis
384 2655 417 2716 et
444 2652 597 2732 scholion,
631 2672 691 2718 non
715 2655 791 2720 satis
814 2655 933 2736 liquet;
964 2656 1158 2735 compertum
1182 2650 1307 2734 quidem

173 2756 324 2823 hahemus
353 2759 391 2824 ab
420 2758 474 2823 illo
503 2761 585 2825 hunc
608 2760 767 2844 dialogum
790 2760 983 2825 illustratum
1006 2759 1118 2843 fuisse,
1150 2759 1238 2823 cuius
1261 2758 1307 2821 rei

173 2865 263 2930 testis
286 2868 335 2931 est
357 2866 424 2949 ipse
447 2868 479 2932 in
503 2871 668 2939 comment.
693 2869 733 2934 ad
749 2867 924 2936 Parmenid.
948 2866 1009 2932 vol.
1026 2867 1064 2932 V.
1080 2886 1109 2948 p.
1130 2867 1191 2931 122
1207 2863 1307 2947 (Edit.

175 2969 298 3054 consp:
323 2970 358 3037 ἐν
379 2977 528 3060 Σοφιστῇ
543 2971 602 3057 μὲν
618 2964 689 3053 οὖν,
713 2976 831 3059 inquit.
849 2971 898 3040 ὅτι
921 2970 957 3039 τὸ
979 2974 1017 3038 ἓν
1040 2968 1211 3055 ἀσώματον
1236 2967 1307 3036 ἐπέ-

175 3079 281 3156 serg„
304 3073 321 3144 ὁ
346 3075 441 3164 λόγος
462 3105 491 3148 κ.
515 3103 542 3147 τ.
566 3087 613 3159 t.;
649 3101 707 3165 quo
736 3083 804 3148 loco
832 3084 936 3165 aptius
963 3081 1043 3147 alter
1072 3081 1187 3145 citatur
1216 3077 1304 3158 (ibid.

174 3203 205 3266 p.
219 3187 313 3272 279):
338 3183 452 3271 ῥητέον
467 3186 502 3254 δὲ
518 3188 570 3254 καὶ
586 3184 670 3273 πρὸς
685 3187 806 3271 ταύτην
824 3185 884 3276 τὴν
899 3187 1036 3274 ζήτησιν,
1062 3183 1111 3251 ὅτι
1126 3182 1169 3250 cd
1188 3181 1240 3269 μὴ
1258 3181 1306 3259 ὅν,

176 3330 387 3343 -.......-,,....

249 3418 268 3486 ¹)
292 3418 339 3474 cfr.
359 3419 465 3490 Menag.
490 3419 525 3474 ad
543 3419 623 3489 Diog.
643 3419 735 3475 Latrt.
757 3419 820 3476 libr.
838 3420 900 3479 Vll.
926 3436 952 3489 p.
973 3419 1036 3484 199,
1060 3418 1133 3472 notis
1157 3434 1183 3487 p.
1204 3416 1254 3472 185
1274 3417 1306 3470 Ι).

176 3507 248 3562 Edit
268 3507 398 3574 Londin.;
426 3509 495 3563 Baer
520 3512 548 3563 et
567 3509 668 3564 Teuffel
691 3510 720 3563 in
738 3509 835 3580 Paully
855 3508 1103 3577 Real.·Encyklop.;
1133 3505 1241 3561 Nicolai
1260 3506 1307 3563 Gr.

176 3597 340 3655 hit-[lesch.
359 3598 397 3654 II.
415 3615 441 3668 p.
460 3597 521 3654 240.
540 3597 618 3655 lldit.
638 3599 686 3652 alt.

248 3688 271 3758 ²)
296 3688 470 3743 Memorabile
492 3692 534 3742 est
557 3685 739 3756 παρεθέμεθα
764 3689 793 3743 in
817 3688 932 3752 scholi0;
961 3685 1008 3742 cfr.
1033 3686 1115 3741 schol.
1136 3686 1207 3740 Tim.
1232 3684 1308 3738 24ss

177 3775 269 3846 (extr.)
276 3799 283 3842 ;
303 3778 336 3833 de
347 3779 398 3833 hoc
410 3777 539 3833 vocabulo
552 3777 611 3846 egit
624 3776 655 3832 Ο.
667 3778 843 3834 Schneiderns
856 3778 884 3831 in
896 3777 1009 3831 Dissert.
1024 3775 1056 3830 de
1070 3773 1167 3833 fontib.
1184 3772 1307 3828 scholior.

179 3867 316 3938 Aristoph.
336 3866 413 3926 1838.
433 3885 459 3937 p.
478 3867 521 3921 33.

249 3957 268 4022 ³)
293 3955 386 4012 Plato:
413 3956 527 4026 acl-ripaue
546 3954 575 4011 δὲ
595 3957 691 4011 διελεῖν
709 3954 910 4023 τετταράκοντα
928 3953 976 4008 καὶ
995 3953 1234 4021 πεντακισχιλίους,
1255 3968 1310 4021 qua

177 4063 206 4104 rc
224 4046 343 4101 scholion
362 4046 547 4117 corrigendum
567 4051 616 4116 est,
636 4048 665 4102 in
684 4063 735 4118 qno
753 4043 957 4113 τεσσαράκοντα
978 4045 1022 4098 καὶ
1041 4041 1127 4098 πέντε.

1212 4361 1383 4651 Γ
