3042 4680
228 1053 321 1140 lnior
349 1055 510 1140 auctorum
537 1055 709 1154 etrorun,
738 1054 775 1140 de
801 1055 914 1161 quibus
942 1017 1136 1162 disputatur
1165 1057 1224 1140 est.

157 1337 347 1396 Antoninus
366 1338 539 1394 Liberalis
557 1357 582 1408 p.
603 1338 645 1393 51.

157 1421 388 1498 Apollodorus
406 1446 434 1497 p.
447 1427 566 1494 48-—5l;
585 1428 732 1482 scholiasta
741 1427 913 1483 Bibliotheca
926 1428 1073 1497 integriore
1085 1445 1147 1483 usus
1160 1414 1201 1483 est
1213 1445 1295 1497 quam

191 1515 199 1574 J
228 1533 296 1586 quae
314 1516 394 1570 hodie
413 1519 502 1588 extat3
528 1518 584 1572 eius
603 1517 764 1586 fragmentis
787 1517 966 1586 probabiliter
985 1517 1048 1572 addi
1066 1520 1189 1587 possunt:
1209 1517 1296 1575 schol.

229 1605 263 1659 ad
282 1605 351 1659 Tim.
371 1603 406 1657 25
427 1605 449 1658 B
469 1605 500 1659 de
521 1605 670 1676 Tyrrhenia
692 1605 766 1677 (pag.
786 1607 845 1676 49),
870 1607 952 1661 schol.
972 1607 1005 1660 ad
1029 1607 1122 1675 Remp.
1141 1606 1193 1660 588
1214 1605 1235 1660 C
1260 1605 1295 1659 de

230 1694 321 1764 Scylla
339 1693 375 1762 (p.
395 1693 450 1762 50),
470 1694 556 1778 schol.)
571 1695 606 1748 ad
624 1693 691 1749 liin.
710 1695 761 1752 321
782 1698 805 1750 A
824 1697 860 1766 (p.
881 1696 935 1766 50),
960 1695 1042 1750 schol.
1062 1695 1095 1749 ad
1115 1695 1180 1764 Leg.
1199 1693 1251 1748 796
1271 1695 1296 1749 A

228 1780 358 1849 Κερκύων
377 1786 405 1839 et
422 1778 538 1849 Ἐπειός,
558 1784 641 1841 schol.
659 1784 725 1854 Leg.
745 1785 795 1840 931
815 1786 838 1840 Β
857 1785 890 1840 (16
908 1785 1055 1855 Hippolyto
1075 1784 1111 1852 (p.
1131 1782 1184 1852 50).

156 1873 305 1928 Boethus
332 1871 383 1926 duo
407 1871 493 1926 lexiea
518 1872 661 1926 Platonica
684 1873 794 1942 scripsit
815 1889 879 1944 pag.
898 1874 947 1940 84;
976 1876 1119 1940 utrumque
1146 1869 1296 1928 scholiasta

228 1960 358 2015 adhibuit
372 1977 398 2031 p.
412 1959 525 2018 87-92.
541 1991 572 2000 -
593 1961 654 2016 Non
673 1962 865 2031 Diogenianus,
885 1963 931 2017 sed
946 1961 1095 2032 Hesychius
1114 1960 1170 2014 eius
1188 1959 1296 2028 glossas

229 2050 331 2118 recepit
348 2065 412 2118 pag.
429 2049 463 2102 90
482 2053 537 2106 not.
558 2080 592 2088 —
611 2050 672 2104 Non
692 2051 776 2104 solum
795 2051 941 2116 Boethum,
967 2050 1013 2105 sed
1032 2051 1115 2104 etiam
1135 2049 1294 2118 Dionysium

229 2137 271 2207 (et
283 2137 457 2205 Pausaniam)
476 2137 622 2192 scholiasta
640 2139 759 2208 inspexit
775 2157 801 2208 p.
819 2137 937 2204 92-96;
958 2141 998 2193 est
1017 2137 1134 2218 dubium,
1153 2154 1217 2191 num
1236 2137 1294 2199 ille,

229 2227 275 2296 qui
293 2226 439 2296 Pamphilo
462 2243 524 2280 usus
543 2229 585 2281 est
599 2227 642 2296 (p.
662 2227 694 2281 81
701 2250 709 2293 ;
727 2246 753 2297 p.
774 2228 832 2295 83),
858 2245 892 2282 ex
909 2227 1051 2283 Atticistis
1073 2226 1194 2280 hauserit
1212 2244 1239 2295 p.
1259 2225 1296 2278 94

227 2332 282 2384 seq.
302 2346 334 2353 -
357 2315 475 2370 Boethus
493 2332 545 2385 quo
564 2319 684 2386 tempore
702 2317 800 2373 vixisse
819 2317 944 2373 videatur
961 2335 987 2386 p.
1006 2316 1040 2370 98
1060 2317 1088 2370 et
1106 2316 1148 2368 99.
1196 2309 1197 2312 ’

157 2403 423 2462 Commentarios
442 2405 765 2474 Neoplatouicorum
785 2406 932 2461 scholiasta
951 2406 986 2460 ad
1004 2405 1084 2460 hosce
1102 2403 1225 2472 dialogos
1244 2405 1295 2484 aut

228 2495 300 2547 certo
317 2491 444 2548 adhibuit
462 2496 509 2547 aut
527 2494 633 2549 videtur
651 2495 816 2552 adhibuisse:

263 2581 353 2636 Procli
372 2581 406 2635 ad
426 2582 592 2638 Timaeum
611 2602 637 2654 p.
656 2585 672 2638 8
691 2602 745 2654 seq.

310 2711 321 2734 „
370 2670 404 2724 ad
423 2670 651 2726 Parmeniden
670 2691 696 2742 p.
717 2673 762 2740 lo;
786 2673 904 2728 eiusdem
923 2673 957 2728 ad
976 2672 1111 2727 Theaet.
1130 2688 1156 2740 p.
1177 2668 1294 2727 11-12.

310 2799 321 2824 ,,
370 2762 398 2814 et
419 2757 605 2830 Olympiodori
624 2761 658 2814 ad
676 2762 843 2820 Alcibiad.
862 2763 876 2816 Ι
894 2781 920 2832 p.
942 2761 1054 2815 12-17.

262 2847 451 2919 Olympiodori
470 2849 504 2902 ad
522 2849 685 2906 Phaedon.
704 2870 732 2921 p.
753 2851 865 2906 17-18,

262 2936 450 3008 Olympiodori
468 2940 496 2991 et
514 2937 630 2994 fortasse
648 2940 738 2995 Procli
758 2941 792 2994 ad
811 2941 908 3010 Gorg.
928 2958 954 3010 p.
975 2937 1088 2994 18-24.

261 3025 389 3080 Hermiae
408 3026 442 3080 ad
461 3027 645 3083 Phaedrum
663 3047 689 3098 p.
709 3029 823 3087 24—27.

262 3114 352 3170 Procli
371 3114 405 3169 ad
423 3115 526 3185 Leges
544 3134 569 3186 p.
589 3116 704 3171 27-31.

300 3203 390 3273 ΛΡ),
422 3204 613 3274 Sophistam
633 3204 747 3260 31-32.

266 3321 269 3326 ·
303 3335 314 3358 „
371 3295 399 3348 et
423 3293 536 3348 alterius
564 3294 702 3349 cuiusdam
728 3293 883 3364 philosophi
906 3293 940 3347 ad
963 3293 1069 3362 Remp.
1088 3307 1152 3362 pag.
1169 3289 1295 3357 32-36;

244 3375 247 3379 ’
334 3398 396 3452 pag.
416 3381 530 3438 36-40.

155 3470 320 3526 Cornutus
340 3471 383 3541 (de
401 3476 456 3532 nat.
477 3473 560 3542 deor.)
579 3491 604 3542 p.
624 3471 738 3527 51-52.

155 3577 287 3648 Didymi
306 3577 368 3645 caepi
386 3579 441 3632 acic
459 3575 657 3647 ἀπορουμένων
676 3579 753 3647 παρὰ
771 3577 902 3632 Πλάτωνι
919 3577 1016 3642 λέξεων
1035 3573 1178 3646 συναγωγή
1197 3593 1223 3645 p.
1243 3575 1292 3640 63;

227 3665 403 3722 Chalcentero
422 3667 566 3723 Alexandr.
587 3671 616 3724 et
635 3669 714 3724 Ateio
735 3667 914 3722 abiudicanda
934 3669 975 3721 est
993 3684 1018 3735 p.
1039 3665 1159 3728 85-87;
1188 3665 1290 3733 partim

226 3772 241 3809 e
258 3754 357 3809 Boethi
377 3755 462 3811 Stoici
480 3757 560 3811 libris
579 3760 705 3827 excerpta
722 3775 748 3826 p.
768 3756 810 3811 86.
1194 3763 1197 3774 “

154 3844 365 3914 Diogeniano
384 3845 489 3913 glossas
507 3846 607 3900 multas
626 3845 707 3901 debet
724 3846 871 3900 scholiasta
883 3862 908 3914 p.
923 3844 1022 3914 rosan
1041 3847 1136 3913 quater
1149 3860 1207 3897 eum
1222 3844 1292 3898 citat

224 3949 286 4003 pag.
308 3933 355 4004 703
374 3933 451 3987 illum
471 3934 528 4004 ipse
547 3934 626 4000 adiit,
645 3951 698 3989 non
716 3952 764 4004 per
776 3933 908 3989 Boethum
927 3933 1054 4004 cognovit
1066 3950 1092 4003 p.
1107 3932 1222 4000 71-83,
1240 3949 1290 3987 uec

225 4038 273 4092 per
291 4022 448 4092 Dionysium
466 4041 492 4092 p.
512 4022 626 4080 81-83.
