3042 4680
623 222 843 285 „75..

165 422 225 492 Hic
248 419 332 485 enim
356 416 447 494 έτνος
474 417 551 483 dicit
578 436 643 484 csse
668 411 754 493 εἶδος
777 412 935 499 ὀσπρίου·
960 416 1086 482 deiude:
1113 414 1208 482 έτνα·
1232 420 1297 481 τῶν

164 523 309 611 ὀσπρίων
326 523 385 590 τόν
400 520 516 610 χυλόν·
535 526 660 608 postea:
685 521 789 600 έτνος·
803 521 917 608 ἕψημα,
936 525 985 590 cui
1000 524 1100 589 addit:
1118 519 1295 608 ἐτνήρυσιν,

166 631 296 716 λέγουσι
319 629 364 726 δέΙ
377 631 428 697 καὶ
454 626 644 716 ζωμήρυσιν.
668 625 901 714 Ἀριστοφάνης
920 625 1138 714 Ἀχαρνεῦσιν,
1159 620 1295 714 ὦμὴτερ

164 765 192 806 κ.
209 763 237 806 τ.
253 745 293 818 λ,
309 739 430 842 ροίοιιο
453 740 486 803 iu
508 739 619 823 glossis
642 738 721 803 illud
744 731 926 822 πισσάριον,
952 737 1033 821 quod
1057 739 1187 820 uterque
1207 739 1295 802 scho-

165 849 259 912 liasta
281 846 420 928 praebet,
444 863 506 910 non
529 847 697 926 comparet.
722 881 766 891 -
789 845 870 908 Item
893 844 1078 928 Diogeuiani
1106 845 1211 928 glossa
1233 865 1295 908 ser·

167 955 232 1019 vari
255 953 379 1018 videtur
401 952 434 1016 in
457 951 552 1017 schol.
577 951 616 1015 nd
640 951 779 1016 Theriac.
804 951 873 1018 Nic.
892 950 916 1034 ¹)
940 970 968 1015 v.
993 952 1068 1029 386,
1085 970 1116 1032 p.
1135 951 1186 1018 77.
1210 951 1295 1016 Edit.

164 1057 343 1125 Schneider.
369 1055 499 1143 (1816):
524 1052 720 1140 σμινύοιο]
742 1051 891 1141 σιδήρεόν
905 1080 933 1121 τι
951 1053 1032 1122 κατὰ
1055 1054 1115 1140 μὲν
1135 1053 1171 1122 τδ
1188 1054 1297 1140 ἕτερον

165 1163 360 1250 δικέλλης,
393 1159 502 1229 ὀδόντι
532 1159 772 1247 παραπλήσιον,
803 1159 884 1228 κατὰ
908 1159 942 1227 δέ
964 1160 1001 1228 τδ
1026 1159 1104 1228 όλλο
1129 1159 1246 1248 όξίνης,
1271 1153 1297 1252 ᾧ

163 1277 341 1338 σκαπτουσι
371 1270 425 1338 καὶ
454 1269 517 1337 όλα
540 1273 668 1336 κλῶσιν.
720 1271 877 1352 Perpauca
901 1271 997 1335 habet
1019 1271 1194 1354 Hesychius
1218 1291 1242 1335 s.
1268 1289 1295 1334 v.

166 1395 238 1463 σμ’
265 1379 448 1464 σκαφίδιον,
474 1378 631 1454 δίκελλαν,
656 1395 716 1461 qua
731 1395 764 1441 re
784 1377 870 1442 nulla
892 1377 956 1442 fere
980 1378 1192 1444 convenientia
1216 1378 1297 1442 iuter

167 1489 247 1553 huno
270 1489 303 1551 et
326 1487 524 1552 scholiastam
559 1485 717 1570 iuvenitur
746 1484 786 1550 ad
816 1485 939 1566 Remp.
969 1485 1033 1550 370
1058 1485 1085 1548 D
1111 1484 1153 1567 (p.
1178 1487 1242 1549 336
1266 1485 1296 1548 Η

170 1623 205 1646 =
234 1596 299 1660 399
323 1591 382 1679 Β);
418 1587 569 1676 σμινύην]
602 1593 782 1674 σκαφίον,
817 1588 899 1666 τινές
930 1588 964 1655 δέ
995 1586 1144 1674 ἀξίνην,
1177 1589 1297 1656 taceri

165 1697 276 1784 ἑτέρου
306 1697 425 1784 μέρους
453 1699 648 1783 δικελλοειδη
662 1697 697 1784 2).
724 1736 761 1744 -
789 1699 960 1777 Aesica,
994 1716 1072 1781 quae
1105 1699 1235 1764 Photius
1258 1699 1296 1761 de

166 1807 351 1890 quibusdam
374 1807 534 1872 vocabulis
558 1806 659 1883 affert,
683 1805 784 1888 magis
806 1804 963 1870 interdurn
987 1821 1057 1869 cum
1074 1804 1200 1870 scholiis
1224 1823 1296 1869 con-

166 1916 286 1997 spirant
310 1933 403 1998 quam
425 1914 503 1980 haee
526 1932 596 1978 cum
620 1912 786 1995 Hesychio,
810 1930 871 1976 non
894 1911 957 1975 iam
980 1912 1019 1976 ob
1043 1911 1124 1975 hunc
1147 1913 1295 1978 maiorem

165 2041 235 2087 curn
258 2021 314 2086 illo
333 2021 520 2086 'consensum
536 2018 722 2103 Diogeuiani
745 2017 865 2100 glossae
889 2017 922 2082 in
938 2017 1055 2082 scholia
1071 2037 1125 2100 per·
1141 2018 1295 2083 Boethum

167 2129 290 2193 fluxisse
314 2127 468 2209 puhndae
492 2128 574 2194 sunt.
609 2125 791 2191 Patriaroha
813 2125 895 2190 enim
919 2124 1001 2188 haud
1024 2142 1092 2188 raro
1116 2124 1167 2188 uel
1190 2123 1295 2190 eadem

166 2234 262 2300 tradit
285 2238 378 2317 atque
402 2233 579 2318 scholiasta,
604 2233 690 2298 velut

166 2397 191 2444 s.
214 2398 244 2444 v.
269 2376 483 2461 σκυτοτόμος·
508 2371 651 2456 σκυτεύς,
676 2372 869 2459 λωροτόμος,
895 2378 928 2439 et

182 2529 197 2562 »
226 2528 241 2562 ι
268 2498 486 2585 σκυτοδέψης·
519 2502 841 2586 δερματομαλοὶκτης·
877 2500 930 2564 καὶ
958 2496 1172 2583 βυρσοδέψης,
1219 2517 1296 2581 quae

166 2610 283 2674 eisdem
307 2609 410 2674 verbis
432 2610 580 2693 leguntur
602 2609 636 2673 in
659 2607 755 2674 schol.
780 2607 820 2672 ad
843 2605 952 2690 Gorg.
979 2608 1041 2671 517
1066 2606 1090 2671 ll
1114 2606 1157 2688 (p.
1183 2607 1296 2670 32311

168 2745 205 2769 =
232 2715 296 2781 357
323 2716 382 2799 B);
406 2715 590 2799 Hesychius,
615 2715 668 2798 qui
692 2715 731 2778 ab
754 2716 885 2797 utroque
909 2713 1013 2796 paullo
1037 2712 1157 2778 differt:

254 2873 470 2958 σκυτοτόμος·
502 2875 694 2959 λυροτόμος.
725 2872 878 2950 σκυτεύς·
911 2869 1141 2959 σκηνοῤῥόιφος
1165 2873 1295 2957 (Schera.

165 3003 221 3066 pro
244 2979 462 3069 σκηρορόφος)
488 2986 520 3048 et
544 2978 761 3066 σκυτοδέψης·
787 2978 1103 3066 δερματομαλάκτης,

165 3091 333 3173 genuinam
348 3090 522 3220 glossarum
537 3089 668 3155 formam
681 3092 764 3154 certe
785 3107 846 3154 non
860 3089 1006 3165 servavit,
1019 3088 1051 3152 id
1064 3087 1144 3172 quod
1157 3087 1296 3153 concludi

258 3431 278 3499 ¹)
296 3431 336 3485 De
354 3429 451 3500 glossis
464 3429 655 3499 Diogeuianeis
674 3429 702 3482 in
720 3430 786 3484 haee
799 3429 901 3484 scholia
913 3428 1026 3499 receptis
1043 3426 1152 3482 ridell.
1166 3427 1296 3483 Schmidt.

167 3523 270 3590 quaest.
289 3519 403 3588 Hesyoh.
421 3518 531 3574 XCVII.
1141 3533 1143 3540 ·

255 3608 276 3676 ²)
295 3609 376 3665 Phot.
403 3605 533 3676 σμινύην·
557 3605 676 3674 σκαφίον
694 3599 712 3672 ἢ
731 3605 856 3659 δίκελλαν
874 3599 893 3674 ἢ
912 3601 1008 3673 ύξίνην
1032 3605 1164 3673 (σκαφίον
1193 3606 1298 3661 omittit

167 3697 312 3767 Timaeus).
337 3697 462 3752 Eustath.
487 3695 535 3762 (ad
560 3695 638 3753 Hom.
662 3693 729 3762 217,
752 3693 798 3762 27)
822 3690 852 3748 έν
876 3692 1161 3761 §neocaesareenses
1179 3713 1199 3752 ι.
1218 3696 1261 3752 lit.
1284 3698 1299 3759 ζ

165 3785 278 3841 invenit:
293 3789 396 3854 ζμινύη,
409 3780 454 3840 ότέ
466 3785 498 3840 τὸ
513 3785 639 3852 σκαφίον,
659 3779 703 3838 ὁτὲ
716 3781 865 3853 egrederer,
884 3783 911 3836 oi
924 3781 954 3837 δὲ
969 3784 1105 3838 δίκελλαν·
1119 3801 1187 3853 quae
1199 3785 1296 3854 glossa,

168 3891 226 3930 cum
244 3875 370 3930 Eustath.
390 3879 484 3945 postea
502 3875 660 3946 Dionysium
679 3875 788 3938 laudet,
806 3873 956 3928 Pausaniae
975 3891 1031 3928 esse
1049 3873 1164 3930 videtur.
1201 3873 1297 3928 Utrum

167 3963 245 4031 hunc,
264 3982 298 4020 au
317 3965 465 4030 Timaeum,
485 3979 519 4018 au
538 3964 621 4018 alium
641 3966 767 4032 sequatur
785 3962 907 4030 Photius,
927 3979 980 4017 non
998 3962 1093 4032 liquet.
